,,deal_price,deal_time,deal_volume,direction,exchange,instrument,offset,order_id,trade_id
2018-01-29,0,16.40492,2018-01-29,100,,SZ,002081,open,order_04935187,deal_40258371
2018-01-29,1,17.795337000000004,2018-01-29,100,,SH,600406,open,order_49827063,deal_04623187
2018-01-29,2,6.051815,2018-01-29,100,,SZ,000725,open,order_15924038,deal_85732164
2018-01-29,3,5.611682999999999,2018-01-29,100,,SZ,000166,open,order_61732405,deal_04963152
2018-01-29,4,9.212762999999999,2018-01-29,100,,SH,600016,open,order_18237694,deal_63285417
2018-01-29,5,12.093627,2018-01-29,100,,SZ,000402,open,order_95743260,deal_48691025
2018-01-29,6,62.928872999999996,2018-01-29,100,,SZ,002594,open,order_97834061,deal_03765142
2018-01-29,7,7.462238,2018-01-29,100,,SH,600018,open,order_05874621,deal_47180295
2018-01-29,8,9.312793,2018-01-29,100,,SH,601857,open,order_21076398,deal_71028345
2018-01-29,9,10.083024,2018-01-29,100,,SH,601555,open,order_82514670,deal_46810537
2018-01-29,10,10.853254999999999,2018-01-29,100,,SH,601611,open,order_21079638,deal_52617849
2018-01-29,11,12.783833999999999,2018-01-29,100,,SH,600153,open,order_82709543,deal_90412687
2018-01-29,12,5.961788,2018-01-29,100,,SH,600415,open,order_96701235,deal_35268490
2018-01-29,13,36.57096799999999,2018-01-29,100,,SH,600535,open,order_83579142,deal_82961057
2018-01-29,14,19.905970000000003,2018-01-29,100,,SZ,002252,open,order_94851260,deal_72901536
2018-01-29,15,7.152144999999999,2018-01-29,100,,SH,600050,open,order_60485293,deal_56240987
2018-01-29,16,14.504349999999999,2018-01-29,100,,SZ,002027,open,order_28345906,deal_76512830
2018-01-29,17,20.386114000000003,2018-01-29,100,,SH,601211,open,order_84530169,deal_48379265
2018-01-29,18,25.217563,2018-01-29,100,,SZ,002236,open,order_26570398,deal_15238694
2018-01-29,19,5.891767,2018-01-29,100,,SH,600023,open,order_75936841,deal_49307218
2018-01-29,20,19.525856,2018-01-29,100,,SZ,000776,open,order_48965710,deal_46937281
2018-01-29,21,3.7911369999999995,2018-01-29,100,,SH,601099,open,order_86792153,deal_74985603
2018-01-29,22,7.582274,2018-01-29,100,,SH,601669,open,order_60748312,deal_46539078
2018-01-29,23,20.80624,2018-01-29,100,,SH,600690,open,order_91345807,deal_23185790
2018-01-29,24,9.092727,2018-01-29,100,,SZ,002065,open,order_24035671,deal_47853106
2018-01-29,25,4.7614279999999995,2018-01-29,100,,SH,601818,open,order_19207854,deal_40369782
2018-01-29,26,48.734615999999995,2018-01-29,100,,SH,601888,open,order_51903764,deal_69028714
2018-01-29,27,8.492547,2018-01-29,100,,SZ,000876,open,order_85460792,deal_70618542
2018-01-29,28,10.433129,2018-01-29,100,,SZ,300027,open,order_80361752,deal_67521049
2018-01-29,29,3.9311789999999998,2018-01-29,100,,SH,600170,open,order_84712935,deal_51932864
2018-01-29,30,26.147842,2018-01-29,100,,SH,601088,open,order_10234957,deal_39817425
2018-01-29,31,26.017803,2018-01-29,100,,SZ,001979,open,order_91620843,deal_84310925
2018-01-29,32,73.392011,2018-01-29,100,,SH,601318,open,order_35486971,deal_74106358
2018-01-29,33,50.465135000000004,2018-01-29,100,,SH,600570,open,order_25031794,deal_50421379
2018-01-29,34,8.372510999999998,2018-01-29,100,,SH,600820,open,order_03748591,deal_82764059
2018-01-29,35,10.083024,2018-01-29,100,,SH,601006,open,order_03596847,deal_49572086
2018-01-29,36,10.513152999999999,2018-01-29,100,,SH,601668,open,order_25948730,deal_56873104
2018-01-29,37,19.255775,2018-01-29,100,,SZ,300144,open,order_49563812,deal_92573108
2018-01-29,38,22.676801,2018-01-29,100,,SH,600588,open,order_86395412,deal_72584130
2018-01-29,39,13.894167,2018-01-29,100,,SZ,002146,open,order_49257306,deal_45063712
2018-01-29,40,9.402819999999998,2018-01-29,100,,SH,600031,open,order_01379648,deal_83710629
2018-01-29,41,8.712613,2018-01-29,100,,SH,601390,open,order_30874156,deal_92567108
2018-01-29,42,10.453135,2018-01-29,100,,SZ,000069,open,order_60591842,deal_89534706
2018-01-29,43,4.661398,2018-01-29,100,,SZ,000425,open,order_16047239,deal_46839271
2018-01-29,44,20.376110999999998,2018-01-29,100,,SH,601688,open,order_17958324,deal_65347208
2018-01-29,45,7.442232000000001,2018-01-29,100,,SH,601398,open,order_84619702,deal_28491065
2018-01-29,46,34.99049399999999,2018-01-29,100,,SH,600585,open,order_96157048,deal_06849357
2018-01-29,47,18.315493,2018-01-29,100,,SH,600188,open,order_70961382,deal_16809573
2018-01-29,48,8.162448,2018-01-29,100,,SZ,000627,open,order_23987510,deal_25804913
2018-01-29,49,8.252474999999999,2018-01-29,100,,SZ,000783,open,order_67512940,deal_96785214
2018-01-29,50,3.260978,2018-01-29,100,,SH,600221,open,order_49128736,deal_15094627
2018-01-29,51,6.3519049999999995,2018-01-29,100,,SZ,000959,open,order_04961827,deal_92613058
2018-01-29,52,7.802339999999999,2018-01-29,100,,SZ,000961,open,order_38209476,deal_96427510
2018-01-29,53,23.727116000000006,2018-01-29,100,,SZ,002044,open,order_12857034,deal_46810592
2018-01-29,54,26.597977,2018-01-29,100,,SZ,002411,open,order_85243167,deal_17685923
2018-01-29,55,52.175648,2018-01-29,100,,SZ,002508,open,order_52480739,deal_40579168
2018-01-29,56,20.596176999999997,2018-01-29,100,,SZ,002555,open,order_19704863,deal_16320958
2018-01-29,57,10.393117,2018-01-29,100,,SZ,002839,open,order_64708952,deal_72196345
2018-01-29,58,73.442026,2018-01-29,100,,SH,600436,open,order_13079862,deal_10839647
2018-01-29,59,37.971388,2018-01-29,100,,SH,600682,open,order_94065871,deal_70168953
2018-01-29,60,8.162448,2018-01-29,100,,SH,600909,open,order_04631987,deal_53028417
2018-01-29,61,8.162448,2018-01-29,100,,SH,600919,open,order_34290165,deal_84960713
2018-01-29,62,12.793836999999998,2018-01-29,100,,SH,600926,open,order_40631578,deal_19364708
2018-01-29,63,16.564968,2018-01-29,100,,SH,600977,open,order_15260894,deal_13258470
2018-01-29,64,7.612283,2018-01-29,100,,SH,601117,open,order_78301965,deal_83049567
2018-01-29,65,16.40492,2018-01-29,100,,SH,601229,open,order_74851320,deal_65910832
2018-01-29,66,7.162147999999999,2018-01-29,100,,SH,601375,open,order_94302518,deal_96135402
2018-01-29,67,12.063617999999998,2018-01-29,100,,SH,601881,open,order_90142375,deal_78516902
2018-01-29,68,16.975091000000003,2018-01-29,100,,SH,601997,open,order_90673814,deal_57623049
2018-01-29,69,2.970891,2018-01-29,100,,SH,600871,open,order_80367521,deal_58742139
2018-01-29,70,16.094827,2018-01-29,100,,SZ,300059,open,order_68905341,deal_75381964
2018-01-29,71,13.474041,2018-01-29,100,,SH,600000,open,order_91435286,deal_35492178
2018-01-29,72,9.172751,2018-01-29,100,,SZ,000686,open,order_70834521,deal_09126584
2018-01-29,73,52.065615,2018-01-29,100,,SZ,002739,open,order_59207681,deal_41597286
2018-01-29,74,10.193057,2018-01-29,100,,SH,601225,open,order_80194625,deal_74925380
2018-01-29,75,33.49004399999999,2018-01-29,100,,SH,600887,open,order_69238417,deal_20873956
2018-01-29,76,7.282183999999998,2018-01-29,100,,SH,600583,open,order_62350471,deal_71908345
2018-01-29,77,65.0195,2018-01-29,100,,SZ,000423,open,order_18675439,deal_52819674
2018-01-29,78,5.381614,2018-01-29,100,,SH,600208,open,order_82731405,deal_48762915
2018-01-29,79,6.882064000000001,2018-01-29,100,,SZ,002385,open,order_15863074,deal_20469517
2018-01-29,80,7.452234999999999,2018-01-29,100,,SH,600028,open,order_95746308,deal_10842567
2018-01-29,81,24.017203,2018-01-29,100,,SZ,002174,open,order_53872641,deal_50694231
2018-01-29,82,9.532858999999998,2018-01-29,100,,SH,600606,open,order_03276498,deal_78065123
2018-01-29,83,3.5310589999999995,2018-01-29,100,,SH,601866,open,order_86173049,deal_39871640
2018-01-29,84,19.895967,2018-01-29,100,,SH,600999,open,order_28951074,deal_40572389
2018-01-29,85,22.126635999999998,2018-01-29,100,,SH,600030,open,order_90214638,deal_54830129
2018-01-29,86,7.292187,2018-01-29,100,,SH,601998,open,order_86721350,deal_24150387
2018-01-29,87,45.703706999999994,2018-01-29,100,,SH,600009,open,order_17425396,deal_28649051
2018-01-29,88,4.611382999999999,2018-01-29,100,,SH,601988,open,order_69837450,deal_35102947
2018-01-29,89,6.932079,2018-01-29,100,,SH,601328,open,order_12804367,deal_74802956
2018-01-29,90,5.461638000000001,2018-01-29,100,,SH,601018,open,order_85631907,deal_18024397
2018-01-29,91,33.93017599999999,2018-01-29,100,,SH,600085,open,order_39572480,deal_89560231
2018-01-29,92,4.951485,2018-01-29,100,,SH,600369,open,order_83796054,deal_47286359
2018-01-29,93,10.043012,2018-01-29,100,,SH,600100,open,order_56972418,deal_09237861
2018-01-29,94,14.904469999999998,2018-01-29,100,,SH,600958,open,order_71948523,deal_50237614
2018-01-29,95,9.812943,2018-01-29,100,,SH,600068,open,order_18795026,deal_41658907
2018-01-29,96,16.354905000000002,2018-01-29,100,,SH,600383,open,order_13047582,deal_37128469
2018-01-29,97,9.992996999999999,2018-01-29,100,,SH,600177,open,order_24639815,deal_09815724
2018-01-29,98,28.968687999999997,2018-01-29,100,,SZ,300124,open,order_09654137,deal_27814953
2018-01-29,99,61.028302999999994,2018-01-29,100,,SZ,300033,open,order_74902865,deal_63720918
2018-01-29,100,73.271975,2018-01-29,100,,SH,600276,open,order_45617820,deal_28567130
2018-01-29,101,13.894167,2018-01-29,100,,SH,600061,open,order_38421976,deal_21548960
2018-01-29,102,4.161248,2018-01-29,100,,SH,601608,open,order_85049672,deal_79348150
2018-01-29,103,13.173950999999999,2018-01-29,100,,SZ,000625,open,order_83256140,deal_79824035
2018-01-29,104,39.371808,2018-01-29,100,,SZ,300072,open,order_79231086,deal_67538421
2018-01-29,105,60.32809299999999,2018-01-29,100,,SZ,002714,open,order_01457386,deal_76324508
2018-01-29,106,38.591574,2018-01-29,100,,SZ,000002,open,order_82461539,deal_81407526
2018-01-29,107,4.721416,2018-01-29,100,,SH,601216,open,order_21389476,deal_84057619
2018-01-29,108,4.561367999999999,2018-01-29,100,,SZ,000157,open,order_12307869,deal_16453279
2018-01-29,109,12.013603,2018-01-29,100,,SH,601186,open,order_90674382,deal_48075923
2018-01-29,110,13.814143,2018-01-29,100,,SZ,300251,open,order_02386175,deal_74612590
2018-01-29,111,19.515853000000003,2018-01-29,100,,SZ,002142,open,order_65038241,deal_64932175
2018-01-29,112,10.023005999999999,2018-01-29,100,,SH,600019,open,order_32680451,deal_38041526
2018-01-29,113,7.782333999999999,2018-01-29,100,,SH,601377,open,order_40192765,deal_21356704
2018-01-29,114,4.521356,2018-01-29,100,,SH,601288,open,order_06542319,deal_28796105
2018-01-29,115,20.306089999999998,2018-01-29,100,,SH,600663,open,order_92435170,deal_69431728
2018-01-29,116,9.932979,2018-01-29,100,,SH,600089,open,order_78135402,deal_92860371
2018-01-29,117,14.664397999999998,2018-01-29,100,,SH,601800,open,order_58972016,deal_51260487
2018-01-29,118,2.8908669999999996,2018-01-29,100,,SZ,000630,open,order_84671052,deal_53160487
2018-01-29,119,12.523755999999999,2018-01-29,100,,SH,601633,open,order_13462975,deal_92038147
2018-01-29,120,11.213363,2018-01-29,100,,SH,601933,open,order_75263489,deal_75982316
2018-01-29,121,17.215163,2018-01-29,100,,SH,600373,open,order_78563940,deal_43581206
2018-01-29,122,16.805039999999998,2018-01-29,100,,SH,600804,open,order_98653207,deal_67048351
2018-01-29,123,6.712013,2018-01-29,100,,SZ,300315,open,order_84206157,deal_50281634
2018-01-29,124,13.043912,2018-01-29,100,,SZ,002673,open,order_52139807,deal_71354298
2018-01-29,125,736.550899,2018-01-29,100,,SH,600519,open,order_91726845,deal_37148569
2018-01-29,126,5.051515,2018-01-29,100,,SH,601899,open,order_34850192,deal_34178902
2018-01-29,127,9.532858999999998,2018-01-29,100,,SH,601939,open,order_16859274,deal_03248519
2018-01-29,128,7.832348999999999,2018-01-29,100,,SH,603993,open,order_49382506,deal_98201576
2018-01-29,129,9.062718,2018-01-29,100,,SZ,000338,open,order_42693501,deal_58197340
2018-01-29,130,25.547662000000006,2018-01-29,100,,SH,600549,open,order_37802915,deal_76542981
2018-01-29,131,7.622286,2018-01-29,100,,SH,601169,open,order_62871035,deal_90164257
2018-01-29,132,10.523155999999998,2018-01-29,100,,SZ,002797,open,order_40813762,deal_29416703
2018-01-29,133,13.313993,2018-01-29,100,,SZ,002736,open,order_82396405,deal_84521973
2018-01-29,134,34.480340999999996,2018-01-29,100,,SH,600104,open,order_14562378,deal_82745309
2018-01-29,135,59.897964,2018-01-29,100,,SZ,000333,open,order_06841235,deal_17534609
2018-01-29,136,14.954485,2018-01-29,100,,SH,601788,open,order_96734821,deal_38745012
2018-01-29,137,9.762927999999999,2018-01-29,100,,SZ,002500,open,order_91804753,deal_03591748
2018-01-29,138,7.312193,2018-01-29,100,,SZ,000898,open,order_98136045,deal_49715320
2018-01-29,139,37.231166,2018-01-29,100,,SZ,002572,open,order_73508496,deal_83615429
2018-01-29,140,17.425226000000002,2018-01-29,100,,SZ,002601,open,order_47813259,deal_09643715
2018-01-29,141,31.079321,2018-01-29,100,,SZ,002624,open,order_21865309,deal_40785136
2018-01-29,142,26.187854,2018-01-29,100,,SZ,300003,open,order_25794038,deal_05461287
2018-01-29,143,34.920472999999994,2018-01-29,100,,SZ,300015,open,order_73269401,deal_72693805
2018-01-29,144,30.129036,2018-01-29,100,,SZ,300122,open,order_97036518,deal_48751290
2018-01-29,145,6.491947,2018-01-29,100,,SH,600011,open,order_82946307,deal_56937412
2018-01-29,146,11.863558000000001,2018-01-29,100,,SH,600390,open,order_02591784,deal_21847356
2018-01-29,147,37.621283,2018-01-29,100,,SH,601012,open,order_60319472,deal_35087264
2018-01-29,148,7.012103,2018-01-29,100,,SH,601212,open,order_75018349,deal_74523918
2018-01-29,149,6.461938,2018-01-29,100,,SH,601228,open,order_62879534,deal_74962180
2018-01-29,150,17.335199000000003,2018-01-29,100,,SH,601878,open,order_36524087,deal_41320786
2018-01-29,151,6.3519049999999995,2018-01-29,100,,SH,601898,open,order_78926504,deal_68917304
2018-01-29,152,4.2412719999999995,2018-01-29,100,,SH,601991,open,order_29703145,deal_53271948
2018-01-29,153,102.020597,2018-01-29,100,,SH,603799,open,order_23409167,deal_39417560
2018-01-29,154,135.46062599999996,2018-01-29,100,,SH,603833,open,order_51048967,deal_32416579
2018-01-29,155,50.205057,2018-01-29,100,,SZ,002008,open,order_76582439,deal_72148530
2018-01-29,156,6.7420219999999995,2018-01-29,100,,SH,601727,open,order_85967314,deal_47520691
2018-01-29,157,82.114627,2018-01-29,100,,SZ,000858,open,order_67102458,deal_86207314
2018-01-29,158,11.243371999999999,2018-01-29,100,,SZ,000728,open,order_64925138,deal_36714092
2018-01-29,159,13.013903,2018-01-29,100,,SH,600816,open,order_09452176,deal_74810295
2018-01-29,160,13.394016999999998,2018-01-29,100,,SZ,002024,open,order_31260849,deal_16290345
2018-01-29,161,11.833549,2018-01-29,100,,SZ,000060,open,order_89145670,deal_12987604
2018-01-29,162,14.154244999999998,2018-01-29,100,,SH,600837,open,order_85024617,deal_82094751
2018-01-29,163,9.722916000000001,2018-01-29,100,,SH,601009,open,order_53687190,deal_76210853
2018-01-29,164,18.075421,2018-01-29,100,,SH,600739,open,order_83574290,deal_90851247
2018-01-29,165,17.495247000000003,2018-01-29,100,,SH,600637,open,order_43507281,deal_31796025
2018-01-29,166,4.171251,2018-01-29,100,,SZ,000709,open,order_87451260,deal_74839502
2018-01-29,167,43.563064999999995,2018-01-29,100,,SH,601155,open,order_35197024,deal_46972038
2018-01-29,168,32.399717,2018-01-29,100,,SH,600547,open,order_43725169,deal_06431259
2018-01-29,169,13.233969,2018-01-29,100,,SH,601111,open,order_23548701,deal_21740863
2018-01-29,170,13.143942,2018-01-29,100,,SZ,300017,open,order_37892564,deal_47582603
2018-01-29,171,13.754124999999998,2018-01-29,100,,SZ,000001,open,order_68294037,deal_79601543
2018-01-29,172,9.932979,2018-01-29,100,,SH,600489,open,order_87392150,deal_16840275
2018-01-29,173,10.723216,2018-01-29,100,,SH,600376,open,order_34081295,deal_04623758
2018-01-29,174,9.952984999999998,2018-01-29,100,,SH,600015,open,order_47213658,deal_29865430
2018-01-29,175,3.260978,2018-01-29,100,,SH,600795,open,order_51643207,deal_31627498
2018-01-29,176,6.231869,2018-01-29,100,,SH,601989,open,order_86347205,deal_79248053
2018-01-29,177,2.5507649999999997,2018-01-29,100,,SH,600010,open,order_38516247,deal_50427316
2018-01-29,178,19.855955,2018-01-29,100,,SZ,300024,open,order_94531802,deal_58791406
2018-01-29,179,7.622286,2018-01-29,100,,SH,601985,open,order_51837924,deal_82194576
2018-01-29,180,55.80673699999999,2018-01-29,100,,SZ,000651,open,order_04517328,deal_94538710
2018-01-29,181,15.354605,2018-01-29,100,,SH,601198,open,order_46207938,deal_41867593
2018-01-29,182,5.711713,2018-01-29,100,,SH,600705,open,order_58790163,deal_39271640
2018-01-29,183,25.467637999999997,2018-01-29,100,,SZ,002153,open,order_62408539,deal_39482057
2018-01-29,184,16.995097,2018-01-29,100,,SH,600048,open,order_94673210,deal_36502798
2018-01-29,185,32.999897,2018-01-29,100,,SH,600036,open,order_74651920,deal_27381649
2018-01-29,186,7.252174999999999,2018-01-29,100,,SH,601919,open,order_03561947,deal_09345268
2018-01-29,187,6.431929,2018-01-29,100,,SH,601118,open,order_15968742,deal_43875901
2018-01-29,188,7.242171999999999,2018-01-29,100,,SH,601901,open,order_19852376,deal_82719035
2018-01-29,189,23.066918,2018-01-29,100,,SZ,000623,open,order_14350862,deal_78315902
2018-01-29,190,10.343101999999998,2018-01-29,100,,SZ,000671,open,order_75394821,deal_10546238
2018-01-29,191,5.141541999999999,2018-01-29,100,,SZ,000750,open,order_32095618,deal_63071592
2018-01-29,192,7.752325,2018-01-29,100,,SH,601958,open,order_02935486,deal_37685240
2018-01-29,193,8.382513999999999,2018-01-29,100,,SH,600115,open,order_75903826,deal_32417956
2018-01-29,194,7.292187,2018-01-29,100,,SH,600704,open,order_23756908,deal_30647259
2018-01-29,195,18.955685000000003,2018-01-29,100,,SH,601166,open,order_92345017,deal_30159278
2018-01-29,196,127.818334,2018-01-29,100,,SZ,002304,open,order_50627394,deal_18392047
2018-01-29,197,9.952984999999998,2018-01-29,100,,SH,600109,open,order_82957140,deal_95201438
2018-01-29,198,7.362207999999999,2018-01-29,100,,SZ,000540,open,order_64398152,deal_65074392
2018-01-29,199,30.339099,2018-01-29,100,,SH,601628,open,order_39504267,deal_85124679
2018-01-29,200,43.633086000000006,2018-01-29,100,,SH,600340,open,order_64359810,deal_10486752
2018-01-30,0,63.34484000000001,2018-01-30,100,,SZ,002594,close,order_98571304,deal_17349685
2018-01-30,1,18.30549,2018-01-30,100,,SZ,002202,open,order_63258109,deal_60287193
2018-01-30,2,10.733218999999998,2018-01-30,100,,SZ,000983,open,order_75390482,deal_65930871
2018-01-30,3,8.117805000000002,2018-01-30,100,,SZ,000627,close,order_46027583,deal_93408672
2018-01-30,4,10.56413,2018-01-30,100,,SZ,002839,close,order_49356218,deal_02684379
2018-01-30,5,33.276684,2018-01-30,100,,SH,600887,close,order_17528439,deal_67253108
2018-01-30,6,25.707710000000002,2018-01-30,100,,SH,600893,open,order_19672548,deal_47053129
2018-01-30,7,16.558446,2018-01-30,100,,SH,600804,close,order_04685712,deal_30651947
2018-01-30,8,741.105309,2018-01-30,100,,SH,600519,close,order_67352401,deal_56789034
2018-01-30,9,25.806408,2018-01-30,100,,SH,600549,close,order_94120567,deal_07354921
2018-01-30,10,37.533615000000005,2018-01-30,100,,SZ,002572,close,order_60918532,deal_95137608
2018-01-30,11,29.156200000000002,2018-01-30,100,,SZ,300122,close,order_26957843,deal_52468703
2018-01-30,12,49.93498500000001,2018-01-30,100,,SZ,002008,close,order_01729453,deal_61793582
2018-01-30,13,81.267915,2018-01-30,100,,SZ,000858,close,order_83629470,deal_68712034
2018-01-30,14,11.783534,2018-01-30,100,,SH,600029,open,order_76029418,deal_82059671
2018-01-30,15,24.217263,2018-01-30,100,,SH,600482,open,order_49873621,deal_50734621
2018-01-30,16,124.79252999999999,2018-01-30,100,,SZ,002304,close,order_69517834,deal_31069275
2018-01-30,17,29.951013000000003,2018-01-30,100,,SH,601628,close,order_85296103,deal_37041695
2018-01-31,0,6.060895,2018-01-31,100,,SZ,000725,close,order_06149578,deal_31948705
2018-01-31,1,35.773434,2018-01-31,100,,SH,600535,close,order_60295871,deal_75236091
2018-01-31,2,7.310484,2018-01-31,100,,SH,601669,close,order_43719826,deal_38926510
2018-01-31,3,7.8382249999999996,2018-01-31,100,,SZ,002065,close,order_72985314,deal_17954036
2018-01-31,4,20.756225,2018-01-31,100,,SH,600362,open,order_98367041,deal_61759432
2018-01-31,5,74.972409,2018-01-31,100,,SH,601318,close,order_26108543,deal_35274896
2018-01-31,6,8.239275,2018-01-31,100,,SH,600820,close,order_09245617,deal_38410627
2018-01-31,7,9.168066,2018-01-31,100,,SH,600031,close,order_36854192,deal_09816572
2018-01-31,8,26.34043,2018-01-31,100,,SZ,002411,close,order_06283754,deal_28719035
2018-01-31,9,2.6365680000000005,2018-01-31,100,,SH,600871,close,order_24175638,deal_69485013
2018-01-31,10,9.218001000000001,2018-01-31,100,,SH,600606,close,order_52483190,deal_26387109
2018-01-31,11,15.629655,2018-01-31,100,,SH,600383,close,order_43168259,deal_52704861
2018-01-31,12,4.024761000000001,2018-01-31,100,,SH,601608,close,order_10328459,deal_78510439
2018-01-31,13,4.473280000000001,2018-01-31,100,,SZ,000157,close,order_15968723,deal_83276194
2018-01-31,14,19.534571999999997,2018-01-31,100,,SH,600663,close,order_31079624,deal_12687430
2018-01-31,15,9.787260000000002,2018-01-31,100,,SH,600089,close,order_97308164,deal_57061249
2018-01-31,16,29.795240000000003,2018-01-31,100,,SZ,002624,close,order_83509724,deal_09234168
2018-01-31,17,12.943152,2018-01-31,100,,SH,600816,close,order_97012635,deal_40827591
2018-01-31,18,25.272035000000002,2018-01-31,100,,SZ,002153,close,order_30285479,deal_85190673
2018-01-31,19,24.058683000000002,2018-01-31,100,,SH,600482,close,order_31695840,deal_16457329
2018-01-31,20,7.270536000000001,2018-01-31,100,,SH,601958,close,order_24903875,deal_76893514
2018-02-01,0,17.107731,2018-02-01,100,,SH,600406,close,order_16379054,deal_64389512
2018-02-01,1,11.492735,2018-02-01,100,,SZ,000402,close,order_93470256,deal_29067145
2018-02-01,2,16.934559999999998,2018-02-01,100,,SZ,002202,close,order_87045261,deal_74860239
2018-02-01,3,9.447702000000001,2018-02-01,100,,SH,601555,close,order_50382914,deal_58293607
2018-02-01,4,10.58622,2018-02-01,100,,SH,601611,close,order_61472835,deal_52410967
2018-02-01,5,5.672616000000001,2018-02-01,100,,SH,600415,close,order_70169382,deal_70526839
2018-02-01,6,3.29571,2018-02-01,100,,SH,601099,close,order_80329147,deal_59832167
2018-02-01,7,21.392154,2018-02-01,100,,SH,600690,close,order_27194683,deal_03621784
2018-02-01,8,4.4133700000000005,2018-02-01,100,,SZ,000425,close,order_09482736,deal_31628907
2018-02-01,9,19.654416,2018-02-01,100,,SH,601688,close,order_79184263,deal_94867321
2018-02-01,10,33.226749000000005,2018-02-01,100,,SH,600682,close,order_12790635,deal_65327049
2018-02-01,11,5.343045,2018-02-01,100,,SH,601018,close,order_79601245,deal_37481065
2018-02-01,12,24.018734999999996,2018-02-01,100,,SH,600893,close,order_64278530,deal_94723086
2018-02-01,13,9.497637000000001,2018-02-01,100,,SH,600100,close,order_91672804,deal_54718639
2018-02-01,14,9.068196,2018-02-01,100,,SH,600177,close,order_02357896,deal_36281790
2018-02-01,15,12.531175000000001,2018-02-01,100,,SZ,000625,close,order_02156983,deal_37280549
2018-02-01,16,54.208565,2018-02-01,100,,SZ,002714,close,order_76209345,deal_54362701
2018-02-01,17,37.433765,2018-02-01,100,,SZ,000002,close,order_29146350,deal_91543278
2018-02-01,18,15.789447000000001,2018-02-01,100,,SH,600373,close,order_73062415,deal_84925061
2018-02-01,19,7.430328,2018-02-01,100,,SH,603993,close,order_18427096,deal_54139702
2018-02-01,20,8.627040000000001,2018-02-01,100,,SZ,000338,close,order_04318972,deal_19482760
2018-02-01,21,9.16623,2018-02-01,100,,SZ,002797,close,order_85342917,deal_10957382
2018-02-01,22,59.241005000000015,2018-02-01,100,,SZ,000333,close,order_86341520,deal_28704965
2018-02-01,23,11.055608999999999,2018-02-01,100,,SH,600390,close,order_74126890,deal_58624137
2018-02-01,24,15.040422000000001,2018-02-01,100,,SH,601878,close,order_74159280,deal_62410837
2018-02-01,25,3.9548520000000007,2018-02-01,100,,SH,601991,close,order_24759068,deal_67451302
2018-02-01,26,6.321771,2018-02-01,100,,SH,601727,close,order_45901278,deal_18679342
2018-02-01,27,10.554145,2018-02-01,100,,SZ,000728,close,order_86409531,deal_39607158
2018-02-01,28,12.451295,2018-02-01,100,,SZ,002024,close,order_62937018,deal_54370682
2018-02-01,29,17.327444999999997,2018-02-01,100,,SH,600739,close,order_45871930,deal_74603912
2018-02-01,30,16.059095999999997,2018-02-01,100,,SH,600637,close,order_37296581,deal_79308546
2018-02-01,31,30.16074,2018-02-01,100,,SH,600547,close,order_37542986,deal_15320874
2018-02-01,32,13.998970000000002,2018-02-01,100,,SZ,000001,close,order_58270694,deal_76491802
2018-02-01,33,9.257949,2018-02-01,100,,SH,600489,close,order_34897260,deal_81057624
2018-02-01,34,10.016960999999998,2018-02-01,100,,SH,600376,close,order_26074138,deal_57490681
2018-02-01,35,3.046035,2018-02-01,100,,SH,600795,close,order_25809731,deal_29641753
2018-02-01,36,5.612694,2018-02-01,100,,SH,600705,close,order_23968017,deal_57041638
2018-02-01,37,6.841095,2018-02-01,100,,SH,601901,close,order_60437825,deal_20351487
2018-02-01,38,4.782815,2018-02-01,100,,SZ,000750,close,order_90235641,deal_51842063
2018-02-01,39,6.821121000000001,2018-02-01,100,,SH,600704,close,order_94251037,deal_54273081
2018-02-01,40,9.277923000000001,2018-02-01,100,,SH,600109,close,order_03417598,deal_01462387
2018-02-02,0,15.55663,2018-02-02,100,,SZ,002081,close,order_61824935,deal_75321409
2018-02-02,1,5.35196,2018-02-02,100,,SZ,000166,close,order_63981045,deal_96572103
2018-02-02,2,9.717351,2018-02-02,100,,SH,601006,close,order_59038164,deal_97612803
2018-02-02,3,8.568846,2018-02-02,100,,SH,601390,close,order_79825360,deal_74591208
2018-02-02,4,7.938075,2018-02-02,100,,SZ,000783,close,order_06132897,deal_60792584
2018-02-02,5,7.059395,2018-02-02,100,,SZ,000961,close,order_12976854,deal_58072463
2018-02-02,6,22.755815000000002,2018-02-02,100,,SZ,002044,close,order_69781453,deal_98125640
2018-02-02,7,72.515607,2018-02-02,100,,SH,600436,close,order_42087165,deal_46570329
2018-02-02,8,7.630068,2018-02-02,100,,SH,600909,close,order_58901367,deal_26574193
2018-02-02,9,7.1407050000000005,2018-02-02,100,,SH,601117,close,order_94657381,deal_62983107
2018-02-02,10,6.701277,2018-02-02,100,,SH,601375,close,order_15968230,deal_71296034
2018-02-02,11,8.5871,2018-02-02,100,,SZ,000686,close,order_31052496,deal_94865723
2018-02-02,12,64.34334000000001,2018-02-02,100,,SZ,000423,close,order_71842560,deal_17628453
2018-02-02,13,3.3656190000000006,2018-02-02,100,,SH,601866,close,order_30149682,deal_71208695
2018-02-02,14,33.496398,2018-02-02,100,,SH,600085,close,order_82517903,deal_90246871
2018-02-02,15,4.683903000000001,2018-02-02,100,,SH,600369,close,order_34780526,deal_93827456
2018-02-02,16,74.173449,2018-02-02,100,,SH,600276,close,order_16075934,deal_93587210
2018-02-02,17,13.172853,2018-02-02,100,,SH,600061,close,order_30157498,deal_37096415
2018-02-02,18,12.343932,2018-02-02,100,,SH,601633,close,order_10749623,deal_73209416
2018-02-02,19,12.10182,2018-02-02,100,,SZ,002673,close,order_94085712,deal_36207859
2018-02-02,20,11.562630000000002,2018-02-02,100,,SZ,002736,close,order_18754906,deal_80169253
2018-02-02,21,8.956545000000002,2018-02-02,100,,SZ,002500,close,order_34276918,deal_19564703
2018-02-02,22,34.44825,2018-02-02,100,,SZ,300015,close,order_08497623,deal_89451267
2018-02-02,23,6.431628000000001,2018-02-02,100,,SH,601212,close,order_75180492,deal_85160249
2018-02-02,24,5.852382,2018-02-02,100,,SH,601228,close,order_79456138,deal_37148296
2018-02-02,25,2.4867630000000003,2018-02-02,100,,SH,600010,close,order_04312678,deal_46715032
2018-02-02,26,22.316475,2018-02-02,100,,SZ,000623,close,order_78013526,deal_07162534
2018-02-05,0,43.092924000000004,2018-02-05,100,,SH,601601,open,order_85670213,deal_95728063
2018-02-05,1,48.01749600000001,2018-02-05,100,,SH,600570,close,order_87432196,deal_35129486
2018-02-05,2,36.400917,2018-02-05,100,,SH,601021,open,order_95461038,deal_97154082
2018-02-05,3,5.003487,2018-02-05,100,,SH,600208,close,order_97502314,deal_45019362
2018-02-05,4,6.699935,2018-02-05,100,,SZ,002385,close,order_94082153,deal_73825496
2018-02-05,5,13.263978,2018-02-05,100,,SH,600352,open,order_29760841,deal_07869342
2018-02-05,6,7.630068,2018-02-05,100,,SH,601377,close,order_85134269,deal_87504916
2018-02-05,7,25.367608000000004,2018-02-05,100,,SH,601877,open,order_78561940,deal_34971052
2018-02-05,8,6.072096,2018-02-05,100,,SH,600011,close,order_51026348,deal_69258743
2018-02-05,9,13.742111999999999,2018-02-05,100,,SH,600837,close,order_73945180,deal_50236817
2018-02-05,10,4.103835000000001,2018-02-05,100,,SZ,000709,close,order_91802746,deal_25348906
2018-02-05,11,11.572615,2018-02-05,100,,SZ,300017,close,order_29817563,deal_82730541
2018-02-05,12,6.052122000000001,2018-02-05,100,,SH,601989,close,order_43870291,deal_37694085
2018-02-05,13,5.542785,2018-02-05,100,,SH,601118,close,order_18930247,deal_72456109
2018-02-05,14,31.969587999999998,2018-02-05,100,,SH,601628,open,order_17526493,deal_30719425
2018-02-06,0,6.49155,2018-02-06,100,,SH,600050,close,order_84376029,deal_30517649
2018-02-06,1,17.87315,2018-02-06,100,,SZ,000776,close,order_70854619,deal_40239751
2018-02-06,2,16.30489,2018-02-06,100,,SH,600900,open,order_29168507,deal_40651327
2018-02-06,3,17.63351,2018-02-06,100,,SZ,300144,close,order_10697384,deal_73415680
2018-02-06,4,34.634916000000004,2018-02-06,100,,SH,601021,close,order_85604213,deal_58210794
2018-02-06,5,48.83663500000001,2018-02-06,100,,SZ,002508,close,order_12095386,deal_04157839
2018-02-06,6,10.566246000000001,2018-02-06,100,,SH,601881,close,order_39275086,deal_36241957
2018-02-06,7,21.947029999999994,2018-02-06,100,,SZ,002174,close,order_57203941,deal_45918637
2018-02-06,8,50.713815000000004,2018-02-06,100,,SZ,300033,close,order_34029517,deal_03761289
2018-02-06,9,33.939015000000005,2018-02-06,100,,SZ,300072,close,order_72186543,deal_24961375
2018-02-06,10,12.333699,2018-02-06,100,,SH,601633,open,order_67340581,deal_47521603
2018-02-06,11,10.016960999999998,2018-02-06,100,,SH,601933,close,order_47108369,deal_47853092
2018-02-06,12,5.9910000000000005,2018-02-06,100,,SZ,300315,close,order_78405169,deal_20956743
2018-02-06,13,24.433295,2018-02-06,100,,SZ,300003,close,order_56420371,deal_34179850
2018-02-06,14,33.29665800000001,2018-02-06,100,,SH,601012,close,order_96718053,deal_65192048
2018-02-06,15,6.042135000000001,2018-02-06,100,,SH,601898,close,order_52413986,deal_23706198
2018-02-06,16,14.014203,2018-02-06,100,,SZ,000001,open,order_09851432,deal_61798420
2018-02-06,17,17.443795,2018-02-06,100,,SZ,300024,close,order_43085621,deal_65321780
2018-02-06,18,14.610981000000002,2018-02-06,100,,SH,601198,close,order_83926547,deal_62790351
2018-02-06,19,6.4815629999999995,2018-02-06,100,,SH,601919,close,order_13082745,deal_30895417
2018-02-07,0,19.560615,2018-02-07,100,,SZ,002252,close,order_43518796,deal_36728905
2018-02-07,1,19.165052999999997,2018-02-07,100,,SH,601211,close,order_61408935,deal_84639205
2018-02-07,2,8.06788,2018-02-07,100,,SZ,000876,close,order_75369102,deal_73018425
2018-02-07,3,22.766828,2018-02-07,100,,SZ,002475,open,order_18942563,deal_51790346
2018-02-07,4,8.732619,2018-02-07,100,,SH,601390,open,order_50361948,deal_76395042
2018-02-07,5,8.946560000000002,2018-02-07,100,,SZ,000069,close,order_26471805,deal_06785492
2018-02-07,6,18.515898,2018-02-07,100,,SH,600999,close,order_27968301,deal_41508732
2018-02-07,7,19.514598,2018-02-07,100,,SH,600030,close,order_49265173,deal_36847592
2018-02-07,8,13.911891,2018-02-07,100,,SH,601788,close,order_95076148,deal_35698147
2018-02-07,9,132.787152,2018-02-07,100,,SH,603833,close,order_16947053,deal_45106287
2018-02-07,10,12.890635,2018-02-07,100,,SZ,000001,close,order_85074629,deal_37109846
2018-02-07,11,50.194595,2018-02-07,100,,SZ,000651,close,order_14623758,deal_56074291
2018-02-07,12,7.868180000000001,2018-02-07,100,,SZ,000671,close,order_39102648,deal_38650729
2018-02-08,0,8.339145,2018-02-08,100,,SH,601857,close,order_84063951,deal_72460853
2018-02-08,1,13.599570000000002,2018-02-08,100,,SZ,002027,close,order_93754621,deal_92047685
2018-02-08,2,9.417741,2018-02-08,100,,SH,601668,close,order_61925483,deal_43802956
2018-02-08,3,11.60257,2018-02-08,100,,SZ,002146,close,order_06143285,deal_78953216
2018-02-08,4,8.139405,2018-02-08,100,,SH,601390,close,order_71539246,deal_10964235
2018-02-08,5,19.715913,2018-02-08,100,,SZ,002456,open,order_41625937,deal_58762930
2018-02-08,6,11.145491999999999,2018-02-08,100,,SH,601186,close,order_64520937,deal_92745168
2018-02-08,7,6.471940999999999,2018-02-08,100,,SZ,300315,open,order_19564372,deal_21754693
2018-02-08,8,23.938839,2018-02-08,100,,SH,601877,close,order_26835947,deal_06938425
2018-02-08,9,33.39652800000001,2018-02-08,100,,SH,601155,close,order_80973412,deal_36520417
2018-02-08,10,7.310484,2018-02-08,100,,SH,601985,close,order_81204596,deal_58761349
2018-02-08,11,28.702638,2018-02-08,100,,SH,601628,close,order_01963472,deal_01452396
2018-02-08,12,36.792108000000006,2018-02-08,100,,SH,600340,close,order_03847652,deal_67904821
2018-02-09,0,8.269236,2018-02-09,100,,SH,600016,close,order_82617935,deal_89360751
2018-02-09,1,46.709199,2018-02-09,100,,SH,601888,close,order_15607932,deal_25479631
2018-02-09,2,21.058365,2018-02-09,100,,SZ,001979,close,order_64731085,deal_62387145
2018-02-09,3,7.982393999999999,2018-02-09,100,,SH,600959,open,order_80234195,deal_82601743
2018-02-09,4,6.661329,2018-02-09,100,,SH,601398,close,order_27508314,deal_47185692
2018-02-09,5,5.851755,2018-02-09,100,,SZ,000415,open,order_90385741,deal_63194572
2018-02-09,6,5.341975,2018-02-09,100,,SZ,000959,close,order_10365789,deal_87246053
2018-02-09,7,19.81024,2018-02-09,100,,SZ,002555,close,order_95763804,deal_25093841
2018-02-09,8,7.430328,2018-02-09,100,,SH,600919,close,order_68103947,deal_21954386
2018-02-09,9,11.345232000000001,2018-02-09,100,,SH,600926,close,order_76982310,deal_05437612
2018-02-09,10,12.890635,2018-02-09,100,,SZ,300059,close,order_27498531,deal_13290546
2018-02-09,11,8.319171,2018-02-09,100,,SH,601225,close,order_40763189,deal_85246709
2018-02-09,12,6.132018,2018-02-09,100,,SH,600583,close,order_86439751,deal_08739561
2018-02-09,13,6.361719000000001,2018-02-09,100,,SH,600028,close,order_48560172,deal_24659078
2018-02-09,14,13.642242000000001,2018-02-09,100,,SH,600958,close,order_39784615,deal_69315428
2018-02-09,15,8.329158,2018-02-09,100,,SH,600068,close,order_80526417,deal_50439168
2018-02-09,16,10.945752,2018-02-09,100,,SH,600352,close,order_02961745,deal_82634157
2018-02-09,17,12.803334,2018-02-09,100,,SH,601800,close,order_53846701,deal_01497625
2018-02-09,18,2.6460250000000007,2018-02-09,100,,SZ,000630,close,order_85210946,deal_62850314
2018-02-09,19,8.339145,2018-02-09,100,,SH,601939,close,order_47920135,deal_56203189
2018-02-09,20,7.190640000000001,2018-02-09,100,,SH,601169,close,order_15704638,deal_48519276
2018-02-09,21,31.958399999999997,2018-02-09,100,,SH,600104,close,order_28743105,deal_19025347
2018-02-09,22,86.88690000000001,2018-02-09,100,,SH,603799,close,order_70526394,deal_27165493
2018-02-09,23,9.62554,2018-02-09,100,,SZ,000060,close,order_16082539,deal_31402956
2018-02-09,24,14.161566,2018-02-09,100,,SH,600048,close,order_56819432,deal_16745208
2018-02-09,25,30.66009,2018-02-09,100,,SH,600036,close,order_37698051,deal_56214783
2018-02-12,0,36.83205600000001,2018-02-12,100,,SH,601601,close,order_80792315,deal_46731250
2018-02-12,1,6.911004,2018-02-12,100,,SH,600018,close,order_35814062,deal_79681320
2018-02-12,2,12.034335,2018-02-12,100,,SH,600153,close,order_91578364,deal_71582469
2018-02-12,3,9.086350000000001,2018-02-12,100,,SZ,000983,close,order_41239058,deal_35102867
2018-02-12,4,26.030894999999997,2018-02-12,100,,SZ,002236,close,order_14972835,deal_84792356
2018-02-12,5,5.5727459999999995,2018-02-12,100,,SH,600023,close,order_35781629,deal_75982304
2018-02-12,6,4.274436,2018-02-12,100,,SH,601818,close,order_28105369,deal_09741356
2018-02-12,7,9.276065000000003,2018-02-12,100,,SZ,300027,close,order_31458092,deal_45021369
2018-02-12,8,3.7051770000000004,2018-02-12,100,,SH,600170,close,order_43268017,deal_50426813
2018-02-12,9,17.696964,2018-02-12,100,,SH,600362,close,order_58476192,deal_50694231
2018-02-12,10,31.369167,2018-02-12,100,,SH,600585,close,order_14279853,deal_50178436
2018-02-12,11,15.350019,2018-02-12,100,,SH,600188,close,order_81370642,deal_30972681
2018-02-12,12,5.821255,2018-02-12,100,,SZ,000415,close,order_85149036,deal_64312579
2018-02-12,13,20.556165,2018-02-12,100,,SZ,002555,open,order_84190537,deal_98207134
2018-02-12,14,15.449889,2018-02-12,100,,SH,600977,close,order_03957241,deal_47928136
2018-02-12,15,15.100344,2018-02-12,100,,SH,601229,close,order_86152347,deal_42871069
2018-02-12,16,15.030435,2018-02-12,100,,SH,601997,close,order_84167930,deal_48597126
2018-02-12,17,12.463776000000001,2018-02-12,100,,SH,600000,close,order_14905687,deal_30418659
2018-02-12,18,43.363554,2018-02-12,100,,SH,600009,close,order_76031598,deal_01243796
2018-02-12,19,4.19454,2018-02-12,100,,SH,601988,close,order_91608743,deal_15302984
2018-02-12,20,28.127745,2018-02-12,100,,SZ,300124,close,order_37850192,deal_31962708
2018-02-12,21,23.797137000000003,2018-02-12,100,,SH,600066,open,order_53968214,deal_36942150
2018-02-12,22,11.542660000000001,2018-02-12,100,,SZ,300251,close,order_51287649,deal_75183962
2018-02-12,23,19.221125,2018-02-12,100,,SZ,002142,close,order_35964028,deal_76314208
2018-02-12,24,4.074696,2018-02-12,100,,SH,601288,close,order_64921387,deal_52031879
2018-02-12,25,12.054309,2018-02-12,100,,SH,601633,close,order_54837190,deal_47921856
2018-02-12,26,58.207457,2018-02-12,100,,SZ,002466,open,order_37468509,deal_64253089
2018-02-12,27,4.374306000000001,2018-02-12,100,,SH,601899,close,order_74928015,deal_13895746
2018-02-12,28,6.759845,2018-02-12,100,,SZ,000898,close,order_35986704,deal_59182037
2018-02-12,29,8.858469000000001,2018-02-12,100,,SH,601009,close,order_25170463,deal_51694870
2018-02-12,30,9.148092,2018-02-12,100,,SH,600015,close,order_14250397,deal_71605238
2018-02-12,31,26.938079000000002,2018-02-12,100,,SZ,002153,open,order_65718429,deal_01983254
2018-02-12,32,7.520211000000001,2018-02-12,100,,SH,600115,close,order_13702658,deal_14809527
2018-02-12,33,17.597094,2018-02-12,100,,SH,601166,close,order_37962504,deal_08261739
2018-02-13,0,15.729525,2018-02-13,100,,SH,600900,close,order_10689527,deal_13482756
2018-02-13,1,24.408227999999998,2018-02-13,100,,SH,601088,close,order_23091547,deal_92675083
2018-02-13,2,7.430328,2018-02-13,100,,SH,600959,close,order_25639418,deal_32657098
2018-02-13,3,6.79116,2018-02-13,100,,SH,601998,close,order_10658972,deal_62048719
2018-02-13,4,6.541485,2018-02-13,100,,SH,601328,close,order_29517068,deal_31247589
2018-02-13,5,16.9745,2018-02-13,100,,SZ,002601,close,order_97361542,deal_10593268
2018-02-13,6,12.613581000000002,2018-02-13,100,,SH,601111,close,order_36875941,deal_49273165
2018-02-14,0,18.075421,2018-02-14,100,,SH,601966,open,order_75910823,deal_53967140
2018-02-14,1,29.418822999999996,2018-02-14,100,,SZ,300124,open,order_73904862,deal_96824510
2018-02-14,2,23.937179000000004,2018-02-14,100,,SH,600703,open,order_71698532,deal_73584190
2018-02-14,3,66.409917,2018-02-14,100,,SZ,002460,open,order_93615728,deal_15984370
2018-02-14,4,100.03,2018-02-14,100,,SH,603799,open,order_01263579,deal_37501928
2018-02-14,5,11.275323,2018-02-14,100,,SH,600029,close,order_37952061,deal_39680754
2018-02-22,0,53.496044000000005,2018-02-22,100,,SH,601888,open,order_61402598,deal_62795031
2018-02-22,1,19.09132,2018-02-22,100,,SZ,002555,close,order_05473891,deal_56190873
2018-02-22,2,151.085312,2018-02-22,100,,SH,603833,open,order_71903642,deal_45281379
2018-02-23,0,26.527956000000003,2018-02-23,100,,SZ,002236,open,order_59718640,deal_48560973
2018-02-23,1,19.135739,2018-02-23,100,,SZ,300144,open,order_35780961,deal_08723569
2018-02-23,2,21.186354000000005,2018-02-23,100,,SH,600518,open,order_69401328,deal_78132465
2018-02-23,3,56.877058,2018-02-23,100,,SZ,000963,open,order_45013879,deal_94125867
2018-02-23,4,49.834946,2018-02-23,100,,SH,603858,open,order_91365420,deal_89126570
2018-02-23,5,41.00229699999999,2018-02-23,100,,SZ,002415,open,order_54891306,deal_89705136
2018-02-23,6,20.696207,2018-02-23,100,,SZ,002142,open,order_58294671,deal_64059387
2018-02-23,7,6.11082,2018-02-23,100,,SZ,300315,close,order_34850129,deal_12830975
2018-02-23,8,20.526156000000004,2018-02-23,100,,SZ,002074,open,order_50934612,deal_62054791
2018-02-23,9,39.371808,2018-02-23,100,,SZ,002294,open,order_25897043,deal_07561893
2018-02-23,10,26.918073,2018-02-23,100,,SZ,300003,open,order_01853792,deal_40327981
2018-02-23,11,35.080521,2018-02-23,100,,SZ,300015,open,order_08137965,deal_09723816
2018-02-23,12,36.711009999999995,2018-02-23,100,,SZ,300136,open,order_28536917,deal_53621940
2018-02-23,13,51.525453,2018-02-23,100,,SZ,002008,open,order_94513028,deal_51902834
2018-02-23,14,12.30369,2018-02-23,100,,SH,600029,open,order_18542703,deal_23961085
2018-02-23,15,13.914172999999998,2018-02-23,100,,SH,601111,open,order_93705281,deal_74501392
2018-02-23,16,5.461638000000001,2018-02-23,100,,SZ,002426,open,order_96053418,deal_34201897
2018-02-26,0,42.532756,2018-02-26,100,,SH,601601,open,order_67509183,deal_40796152
2018-02-26,1,10.143042,2018-02-26,100,,SZ,002465,open,order_94576013,deal_15794208
2018-02-26,2,12.883863999999999,2018-02-26,100,,SH,600153,open,order_16837520,deal_34219785
2018-02-26,3,16.424926000000003,2018-02-26,100,,SH,600900,open,order_71546839,deal_14036928
2018-02-26,4,67.690301,2018-02-26,100,,SZ,002841,open,order_96087124,deal_97065128
2018-02-26,5,74.78242800000001,2018-02-26,100,,SH,600436,open,order_67083512,deal_02715943
2018-02-26,6,12.463738,2018-02-26,100,,SH,600522,open,order_13486257,deal_20683459
2018-02-26,7,16.885064000000003,2018-02-26,100,,SH,600977,open,order_85903416,deal_18905376
2018-02-26,8,10.293087,2018-02-26,100,,SH,600100,open,order_28379460,deal_39418276
2018-02-26,9,28.058415,2018-02-26,100,,SH,600498,open,order_93827061,deal_49532871
2018-02-26,10,7.512252999999999,2018-02-26,100,,SZ,000898,open,order_57984203,deal_83152670
2018-02-26,11,38.521553,2018-02-26,100,,SZ,002572,open,order_65098412,deal_13024685
2018-02-26,12,18.445532,2018-02-26,100,,SZ,002601,open,order_25730486,deal_23564981
2018-02-26,13,128.828637,2018-02-26,100,,SZ,002304,open,order_74921680,deal_80476931
2018-02-27,0,63.489041,2018-02-27,100,,SZ,002594,open,order_52317960,deal_70943581
2018-02-27,1,7.492247,2018-02-27,100,,SH,600018,open,order_68351907,deal_98506327
2018-02-27,2,14.824446,2018-02-27,100,,SZ,002027,open,order_97162358,deal_58379641
2018-02-27,3,16.144841999999997,2018-02-27,100,,SZ,300070,open,order_38106549,deal_42697310
2018-02-27,4,27.318193,2018-02-27,100,,SH,600741,open,order_08526471,deal_90167524
2018-02-27,5,50.845248999999995,2018-02-27,100,,SZ,002352,open,order_52769384,deal_28914573
2018-02-27,6,3.731119,2018-02-27,100,,SZ,000100,open,order_84763091,deal_85149672
2018-02-27,7,33.71010999999999,2018-02-27,100,,SH,600887,open,order_16542783,deal_85630471
2018-02-27,8,49.704907000000006,2018-02-27,100,,SH,600009,open,order_90516473,deal_69318504
2018-02-27,9,12.693807,2018-02-27,100,,SH,600352,open,order_37619085,deal_49817605
2018-02-27,10,73.702104,2018-02-27,100,,SH,600276,open,order_84517236,deal_56132974
2018-02-27,11,12.803840000000001,2018-02-27,100,,SH,601633,open,order_50812496,deal_48376059
2018-02-27,12,738.211397,2018-02-27,100,,SH,600519,open,order_86903517,deal_69358021
2018-02-27,13,8.242472,2018-02-27,100,,SH,603993,open,order_98463571,deal_80132794
2018-02-27,14,34.41032,2018-02-27,100,,SH,600104,open,order_86540932,deal_50178492
2018-02-27,15,39.431825999999994,2018-02-27,100,,SH,600196,open,order_62783904,deal_87015964
2018-02-27,16,31.749522,2018-02-27,100,,SZ,002624,open,order_12940765,deal_75028319
2018-02-27,17,29.368808000000005,2018-02-27,100,,SZ,300122,open,order_70853219,deal_53806294
2018-02-27,18,17.485244,2018-02-27,100,,SH,600739,open,order_96207814,deal_75061928
2018-02-27,19,26.748022000000002,2018-02-27,100,,SH,600660,open,order_28491035,deal_23718496
2018-02-27,20,32.389714,2018-02-27,100,,SZ,000063,open,order_01635279,deal_74635812
2018-02-27,21,52.035606,2018-02-27,100,,SZ,000651,open,order_96804712,deal_64501783
2018-02-27,22,24.957485000000002,2018-02-27,100,,SH,600482,open,order_31257408,deal_39847051
2018-02-27,23,5.90177,2018-02-27,100,,SH,601118,open,order_39157268,deal_17058942
2018-02-27,24,27.058114999999997,2018-02-27,100,,SZ,000895,open,order_54698703,deal_51062397
2018-02-28,0,15.204559999999999,2018-02-28,100,,SZ,000738,open,order_80432976,deal_84509372
2018-02-28,1,55.21656,2018-02-28,100,,SZ,002230,open,order_56032971,deal_59832601
2018-02-28,2,35.940779,2018-02-28,100,,SH,600535,open,order_98514270,deal_58291074
2018-02-28,3,4.981493999999999,2018-02-28,100,,SH,600008,open,order_67081293,deal_40917836
2018-02-28,4,7.332198999999999,2018-02-28,100,,SH,600297,open,order_71362458,deal_31728946
2018-02-28,5,13.374011000000001,2018-02-28,100,,SH,600372,open,order_06189247,deal_28705149
2018-02-28,6,7.182154,2018-02-28,100,,SZ,000961,open,order_74265319,deal_27046895
2018-02-28,7,23.056915,2018-02-28,100,,SZ,002044,open,order_36495720,deal_81234096
2018-02-28,8,32.98989399999999,2018-02-28,100,,SZ,002558,open,order_38514607,deal_87509436
2018-02-28,9,5.361608,2018-02-28,100,,SH,601992,open,order_24793165,deal_74130926
2018-02-28,10,85.80573399999999,2018-02-28,100,,SH,603160,open,order_15960342,deal_26187953
2018-02-28,11,60.528153,2018-02-28,100,,SZ,000938,open,order_35146927,deal_07923816
2018-02-28,12,5.40162,2018-02-28,100,,SH,601018,open,order_73824905,deal_51632497
2018-02-28,13,25.927775999999998,2018-02-28,100,,SH,600893,open,order_81754309,deal_81039625
2018-02-28,14,9.482844,2018-02-28,100,,SH,600068,open,order_46038527,deal_39128704
2018-02-28,15,19.315793,2018-02-28,100,,SZ,002310,open,order_13286475,deal_87130659
2018-02-28,16,26.878061,2018-02-28,100,,SZ,002007,open,order_70415983,deal_23769815
2018-02-28,17,12.513753,2018-02-28,100,,SZ,300251,open,order_67581243,deal_59736812
2018-02-28,18,12.963887999999999,2018-02-28,100,,SZ,000792,open,order_53684290,deal_89174023
2018-02-28,19,6.561967999999999,2018-02-28,100,,SZ,300315,open,order_30769825,deal_05716298
2018-02-28,20,25.047512,2018-02-28,100,,SH,600549,open,order_47362508,deal_80234765
2018-02-28,21,8.232469,2018-02-28,100,,SZ,000413,open,order_42153890,deal_50879261
2018-02-28,22,24.287284,2018-02-28,100,,SZ,002468,open,order_70394815,deal_46083791
2018-02-28,23,3.981194,2018-02-28,100,,SZ,000709,open,order_93756418,deal_96802571
2018-02-28,24,12.40372,2018-02-28,100,,SZ,300017,open,order_27630954,deal_30584297
2018-02-28,25,51.60248000000001,2018-02-28,100,,SZ,000651,close,order_13672490,deal_73186025
2018-02-28,26,7.082124,2018-02-28,100,,SH,601958,open,order_28917354,deal_28493150
2018-02-28,27,15.574670999999999,2018-02-28,100,,SZ,002241,open,order_43075218,deal_56701423
2018-03-01,0,5.711713,2018-03-01,100,,SZ,000725,open,order_41580692,deal_36724958
2018-03-01,1,17.765328,2018-03-01,100,,SZ,002202,open,order_31605947,deal_63087419
2018-03-01,2,12.28401,2018-03-01,100,,SH,600153,close,order_83942715,deal_86025347
2018-03-01,3,8.662598,2018-03-01,100,,SZ,002065,open,order_56289017,deal_82037491
2018-03-01,4,50.445128999999994,2018-03-01,100,,SH,600570,open,order_78561324,deal_23749816
2018-03-01,5,15.714713,2018-03-01,100,,SH,600233,open,order_54392106,deal_50982614
2018-03-01,6,24.297287000000004,2018-03-01,100,,SZ,002174,open,order_08564379,deal_79635014
2018-03-01,7,9.977013000000001,2018-03-01,100,,SH,600019,close,order_31405762,deal_63897104
2018-03-01,8,13.073921,2018-03-01,100,,SH,600111,open,order_38975604,deal_61389074
2018-03-01,9,16.534959,2018-03-01,100,,SH,600373,open,order_38946275,deal_26043785
2018-03-01,10,6.271881,2018-03-01,100,,SH,600011,open,order_91784052,deal_91237568
2018-03-01,11,5.861758,2018-03-01,100,,SH,601228,open,order_35280149,deal_94132750
2018-03-01,12,29.178751,2018-03-01,100,,SZ,000826,open,order_52741039,deal_72140935
2018-03-01,13,7.812342999999999,2018-03-01,100,,SZ,000839,open,order_52406819,deal_48723106
2018-03-01,14,40.322092999999995,2018-03-01,100,,SH,600038,open,order_07416238,deal_65948271
2018-03-01,15,21.516453000000002,2018-03-01,100,,SH,600271,open,order_58194760,deal_70429386
2018-03-01,16,121.08809500000001,2018-03-01,100,,SZ,002304,close,order_45309786,deal_07295846
2018-03-02,0,7.212162999999999,2018-03-02,100,,SH,601669,open,order_71293648,deal_87359241
2018-03-02,1,9.842952,2018-03-02,100,,SZ,300027,open,order_94625371,deal_94358612
2018-03-02,2,13.083924,2018-03-02,100,,SH,600895,open,order_10968453,deal_09874653
2018-03-02,3,7.50225,2018-03-02,100,,SZ,000627,open,order_96405712,deal_94718206
2018-03-02,4,9.062718,2018-03-02,100,,SZ,000559,open,order_37809126,deal_43152809
2018-03-02,5,26.117833000000005,2018-03-02,100,,SZ,002411,open,order_29486573,deal_83241906
2018-03-02,6,20.796237000000005,2018-03-02,100,,SZ,002555,open,order_06874513,deal_58647039
2018-03-02,7,33.259975,2018-03-02,100,,SZ,002602,open,order_81490572,deal_57924381
2018-03-02,8,56.727013,2018-03-02,100,,SZ,002831,open,order_01486735,deal_56970813
2018-03-02,9,9.812943,2018-03-02,100,,SZ,002839,open,order_04235968,deal_67954830
2018-03-02,10,17.895367,2018-03-02,100,,SH,601163,open,order_16457309,deal_98160274
2018-03-02,11,19.335799,2018-03-02,100,,SH,600663,open,order_10736598,deal_32974068
2018-03-02,12,13.60408,2018-03-02,100,,SH,601800,open,order_57146839,deal_14362850
2018-03-02,13,6.899635000000001,2018-03-02,100,,SZ,000898,close,order_79826541,deal_60487591
2018-03-02,14,3.3910169999999993,2018-03-02,100,,SH,600219,open,order_91240685,deal_75681420
2018-03-02,15,35.790734,2018-03-02,100,,SH,601012,open,order_51689732,deal_09317265
2018-03-02,16,12.743822,2018-03-02,100,,SZ,002024,open,order_35910762,deal_92605134
2018-03-02,17,12.033608999999998,2018-03-02,100,,SZ,002292,open,order_31402786,deal_35078961
2018-03-02,18,3.8342400000000008,2018-03-02,100,,SZ,000709,close,order_61893745,deal_59816470
2018-03-02,19,35.920773,2018-03-02,100,,SZ,000503,open,order_73804512,deal_76825130
2018-03-02,20,18.855655000000002,2018-03-02,100,,SZ,300024,open,order_92134678,deal_87956120
2018-03-02,21,15.224566,2018-03-02,100,,SZ,000768,open,order_19286475,deal_09471326
2018-03-05,0,16.524956000000003,2018-03-05,100,,SH,600406,open,order_72081965,deal_32658710
2018-03-05,1,38.959287,2018-03-05,100,,SH,601601,close,order_41357298,deal_78926451
2018-03-05,2,7.190640000000001,2018-03-05,100,,SH,601669,close,order_04291378,deal_20165483
2018-03-05,3,32.32791900000001,2018-03-05,100,,SH,600887,close,order_10968472,deal_20513768
2018-03-05,4,21.736518999999998,2018-03-05,100,,SH,600118,open,order_82064531,deal_69730842
2018-03-05,5,19.660465,2018-03-05,100,,SZ,002142,close,order_34170925,deal_56013842
2018-03-05,6,8.042411999999999,2018-03-05,100,,SH,600021,open,order_60795134,deal_89405631
2018-03-05,7,35.776255000000006,2018-03-05,100,,SZ,002572,close,order_79628134,deal_49531208
2018-03-05,8,9.312793,2018-03-05,100,,SZ,002608,open,order_45278163,deal_85236194
2018-03-05,9,10.773231000000001,2018-03-05,100,,SH,600390,open,order_39810627,deal_08314576
2018-03-05,10,12.823845999999998,2018-03-05,100,,SH,600816,open,order_10896742,deal_74361508
2018-03-05,11,4.0712209999999995,2018-03-05,100,,SH,601872,open,order_73981604,deal_02468713
2018-03-05,12,16.0048,2018-03-05,100,,SH,600637,open,order_34096751,deal_17429806
2018-03-05,13,11.355219,2018-03-05,100,,SH,600029,close,order_02457398,deal_85496073
2018-03-05,14,25.816395000000004,2018-03-05,100,,SH,600660,close,order_81247035,deal_58942731
2018-03-05,15,4.851454999999999,2018-03-05,100,,SH,601333,open,order_02176385,deal_12907356
2018-03-06,0,9.542862,2018-03-06,100,,SH,601611,open,order_48079532,deal_13894765
2018-03-06,1,98.699601,2018-03-06,100,,SZ,000538,open,order_54317802,deal_21350498
2018-03-06,2,7.572270999999998,2018-03-06,100,,SH,600909,open,order_31529840,deal_32098541
2018-03-06,3,5.471641,2018-03-06,100,,SH,601718,open,order_20541976,deal_71963802
2018-03-06,4,8.472541000000001,2018-03-06,100,,SZ,002470,open,order_92150874,deal_35879104
2018-03-06,5,51.485441,2018-03-06,100,,SZ,300033,open,order_65491703,deal_36105847
2018-03-06,6,3.6310890000000002,2018-03-06,100,,SH,601608,open,order_45086197,deal_74165928
2018-03-06,7,26.417923000000002,2018-03-06,100,,SH,600332,open,order_05947632,deal_90627514
2018-03-06,8,13.831995,2018-03-06,100,,SH,601800,close,order_42987560,deal_17245390
2018-03-06,9,6.1418420000000005,2018-03-06,100,,SH,601212,open,order_91036754,deal_07915284
2018-03-06,10,3.921176,2018-03-06,100,,SH,601991,open,order_07169845,deal_15804639
2018-03-06,11,140.41722000000001,2018-03-06,100,,SH,603833,close,order_40679528,deal_70431692
2018-03-06,12,7.10213,2018-03-06,100,,SH,600886,open,order_46230581,deal_62798531
2018-03-06,13,9.372810999999999,2018-03-06,100,,SH,600674,open,order_31827604,deal_79815362
2018-03-06,14,3.110933,2018-03-06,100,,SH,600795,open,order_18472069,deal_16325094
2018-03-06,15,6.7420219999999995,2018-03-06,100,,SH,600704,open,order_40927316,deal_79132506
2018-03-07,0,5.451635,2018-03-07,100,,SH,600415,open,order_09451627,deal_58703621
2018-03-07,1,7.662298,2018-03-07,100,,SH,600820,open,order_71456382,deal_73159062
2018-03-07,2,7.040835,2018-03-07,100,,SH,600297,close,order_67814250,deal_07214368
2018-03-07,3,33.299987,2018-03-07,100,,SH,600682,open,order_50863749,deal_14357806
2018-03-07,4,2.3006899999999995,2018-03-07,100,,SH,600871,open,order_30852641,deal_10293756
2018-03-07,5,4.5513650000000005,2018-03-07,100,,SH,600369,open,order_39782064,deal_40728195
2018-03-07,6,9.022706,2018-03-07,100,,SH,600089,open,order_73806459,deal_07132458
2018-03-07,7,19.795937000000002,2018-03-07,100,,SZ,002450,open,order_47129586,deal_58172609
2018-03-07,8,8.632588999999998,2018-03-07,100,,SZ,002797,open,order_58094763,deal_86910432
2018-03-07,9,10.933279,2018-03-07,100,,SZ,002736,open,order_87601924,deal_35846279
2018-03-07,10,56.286880999999994,2018-03-07,100,,SZ,000333,open,order_51082679,deal_06741295
2018-03-07,11,138.72160399999996,2018-03-07,100,,SH,603833,open,order_39065174,deal_02475918
2018-03-07,12,6.001799999999999,2018-03-07,100,,SH,601727,open,order_58940126,deal_07549632
2018-03-07,13,38.31148999999999,2018-03-07,100,,SH,601155,open,order_68420937,deal_28435617
2018-03-07,14,12.973113000000001,2018-03-07,100,,SH,601111,close,order_15264390,deal_46580137
2018-03-07,15,13.013903,2018-03-07,100,,SZ,002424,open,order_10752498,deal_38062154
2018-03-08,0,20.436129,2018-03-08,100,,SH,600690,open,order_56197248,deal_05769421
2018-03-08,1,9.525690000000003,2018-03-08,100,,SZ,300027,close,order_53647028,deal_24069158
2018-03-08,2,4.361307999999999,2018-03-08,100,,SZ,000425,open,order_03485169,deal_45928176
2018-03-08,3,7.392217,2018-03-08,100,,SH,600297,open,order_24890673,deal_19430782
2018-03-08,4,6.461938,2018-03-08,100,,SH,601375,open,order_80325749,deal_56407193
2018-03-08,5,4.4613380000000005,2018-03-08,100,,SH,600208,open,order_57389401,deal_25349678
2018-03-08,6,33.620083,2018-03-08,100,,SH,600085,open,order_43216908,deal_45620179
2018-03-08,7,4.331299,2018-03-08,100,,SZ,000157,open,order_92640183,deal_16835740
2018-03-08,8,13.60408,2018-03-08,100,,SH,601800,open,order_12398640,deal_69210547
2018-03-08,9,13.584074000000001,2018-03-08,100,,SH,601878,open,order_38296540,deal_52891046
2018-03-08,10,23.216963,2018-03-08,100,,SH,601607,open,order_69187250,deal_56829417
2018-03-08,11,14.014203,2018-03-08,100,,SH,601198,open,order_86507394,deal_56487913
2018-03-08,12,8.912673,2018-03-08,100,,SZ,000671,open,order_42968713,deal_84529710
2018-03-09,0,19.555864999999997,2018-03-09,100,,SZ,002252,open,order_56473098,deal_03486952
2018-03-09,1,5.741721999999999,2018-03-09,100,,SH,600023,open,order_07815496,deal_80271649
2018-03-09,2,11.833549,2018-03-09,100,,SH,600827,open,order_21478650,deal_13572980
2018-03-09,3,9.882963999999998,2018-03-09,100,,SZ,300027,open,order_39601572,deal_90456312
2018-03-09,4,70.92127,2018-03-09,100,,SH,601318,open,order_20634597,deal_14982705
2018-03-09,5,17.945382000000002,2018-03-09,100,,SH,601688,open,order_14869730,deal_90867245
2018-03-09,6,15.0045,2018-03-09,100,,SZ,300059,open,order_36052418,deal_39087154
2018-03-09,7,8.162448,2018-03-09,100,,SZ,000686,open,order_08274965,deal_41209635
2018-03-09,8,3.230969,2018-03-09,100,,SH,601866,open,order_49871635,deal_89731650
2018-03-09,9,34.24026899999999,2018-03-09,100,,SZ,300072,open,order_82715609,deal_04681392
2018-03-09,10,10.323096,2018-03-09,100,,SH,601933,open,order_83507426,deal_32965047
2018-03-09,11,8.032409,2018-03-09,100,,SZ,002500,open,order_30918425,deal_01953726
2018-03-09,12,26.637989,2018-03-09,100,,SH,600660,open,order_79035126,deal_25361940
2018-03-09,13,6.471940999999999,2018-03-09,100,,SH,601919,open,order_49571260,deal_29587601
2018-03-09,14,21.356405,2018-03-09,100,,SZ,000623,open,order_83710695,deal_65829140
2018-03-09,15,8.662598,2018-03-09,100,,SH,600109,open,order_83142790,deal_95604821
2018-03-12,0,10.393117,2018-03-12,100,,SZ,000402,open,order_76312985,deal_28754631
2018-03-12,1,8.832649,2018-03-12,100,,SH,601555,open,order_12837496,deal_15394076
2018-03-12,2,12.773831,2018-03-12,100,,SH,600153,open,order_64109583,deal_17085924
2018-03-12,3,18.465538,2018-03-12,100,,SH,601211,open,order_37016542,deal_61503984
2018-03-12,4,17.245172000000004,2018-03-12,100,,SZ,000776,open,order_13605289,deal_89436125
2018-03-12,5,3.120935999999999,2018-03-12,100,,SH,601099,open,order_91807546,deal_75930148
2018-03-12,6,3.881164,2018-03-12,100,,SH,600170,open,order_29137584,deal_37415268
2018-03-12,7,10.723216,2018-03-12,100,,SH,601766,open,order_90413587,deal_53720869
2018-03-12,8,22.056614999999997,2018-03-12,100,,SZ,001979,open,order_62583049,deal_40157826
2018-03-12,9,10.923276000000001,2018-03-12,100,,SZ,002146,open,order_40521763,deal_65278904
2018-03-12,10,8.742622,2018-03-12,100,,SZ,000069,open,order_94701683,deal_83750461
2018-03-12,11,34.280280999999995,2018-03-12,100,,SH,601021,open,order_28349105,deal_54032786
2018-03-12,12,7.672301,2018-03-12,100,,SZ,000783,open,order_51478230,deal_14059623
2018-03-12,13,5.661698,2018-03-12,100,,SZ,000959,open,order_45608371,deal_91872645
2018-03-12,14,10.563168000000001,2018-03-12,100,,SH,601881,open,order_31825709,deal_64081752
2018-03-12,15,7.722315999999999,2018-03-12,100,,SH,600606,open,order_70589213,deal_20316859
2018-03-12,16,17.815343000000002,2018-03-12,100,,SH,600999,open,order_85173269,deal_12845769
2018-03-12,17,19.315793,2018-03-12,100,,SH,600030,open,order_12486753,deal_85923761
2018-03-12,18,9.032708999999999,2018-03-12,100,,SH,600177,open,order_60783249,deal_41309827
2018-03-12,19,12.673801,2018-03-12,100,,SH,600061,open,order_31209745,deal_02864519
2018-03-12,20,8.622585999999998,2018-03-12,100,,SH,600649,open,order_58069147,deal_15697803
2018-03-12,21,12.133639,2018-03-12,100,,SZ,000625,open,order_54172930,deal_86327190
2018-03-12,22,32.63978899999999,2018-03-12,100,,SZ,000002,open,order_94350816,deal_42719580
2018-03-12,23,19.945982,2018-03-12,100,,SZ,002142,open,order_49386125,deal_67539481
2018-03-12,24,7.012103,2018-03-12,100,,SH,601377,open,order_28360197,deal_65719284
2018-03-12,25,13.784134,2018-03-12,100,,SH,600804,open,order_73185064,deal_85906324
2018-03-12,26,4.821445999999999,2018-03-12,100,,SH,601899,open,order_91326470,deal_50482716
2018-03-12,27,8.552564999999998,2018-03-12,100,,SZ,000338,open,order_98532140,deal_58409721
2018-03-12,28,26.377910999999997,2018-03-12,100,,SH,601877,open,order_56428093,deal_04582371
2018-03-12,29,13.323996,2018-03-12,100,,SH,601788,open,order_60189523,deal_02869547
2018-03-12,30,5.751725,2018-03-12,100,,SH,601898,open,order_09643257,deal_53980412
2018-03-12,31,76.182848,2018-03-12,100,,SZ,000858,open,order_97142653,deal_19375260
2018-03-12,32,9.812943,2018-03-12,100,,SZ,000728,open,order_75962348,deal_50769124
2018-03-12,33,27.198157000000002,2018-03-12,100,,SH,600547,open,order_81209347,deal_20784193
2018-03-12,34,9.242772,2018-03-12,100,,SH,600376,open,order_97406512,deal_19763504
2018-03-12,35,7.282183999999998,2018-03-12,100,,SH,601985,open,order_42306178,deal_68059124
2018-03-12,36,53.31599,2018-03-12,100,,SZ,000651,open,order_45213907,deal_41527906
2018-03-12,37,14.584374,2018-03-12,100,,SH,600048,open,order_94803712,deal_20871593
2018-03-12,38,6.631989,2018-03-12,100,,SH,601901,open,order_74321689,deal_94823716
2018-03-12,39,4.691406999999999,2018-03-12,100,,SZ,000750,open,order_30915748,deal_01954638
2018-03-12,40,36.140839,2018-03-12,100,,SH,600340,open,order_17469358,deal_31952680
2018-03-13,0,5.051515,2018-03-13,100,,SZ,000166,open,order_43926708,deal_83260157
2018-03-13,1,7.692307,2018-03-13,100,,SZ,000876,open,order_30896427,deal_86523471
2018-03-13,2,21.687420000000003,2018-03-13,100,,SZ,001979,close,order_71604238,deal_71509643
2018-03-13,3,8.332499,2018-03-13,100,,SH,600031,open,order_30715829,deal_89476502
2018-03-13,4,7.812342999999999,2018-03-13,100,,SH,600959,open,order_23574806,deal_78356491
2018-03-13,5,7.192157,2018-03-13,100,,SH,601117,open,order_31240658,deal_13602857
2018-03-13,6,6.271881,2018-03-13,100,,SZ,002385,open,order_81923605,deal_80126435
2018-03-13,7,13.564067999999999,2018-03-13,100,,SH,600958,open,order_79158326,deal_13058479
2018-03-13,8,8.938365000000001,2018-03-13,100,,SH,600177,close,order_01235896,deal_32641895
2018-03-13,9,58.067415000000004,2018-03-13,100,,SZ,000568,open,order_37689524,deal_15268930
2018-03-13,10,709.4165580000001,2018-03-13,100,,SH,600519,close,order_67418209,deal_52394087
2018-03-13,11,12.213662999999999,2018-03-13,100,,SH,600837,open,order_28063941,deal_17509382
2018-03-13,12,8.882663999999998,2018-03-13,100,,SH,600489,open,order_45293810,deal_96058273
2018-03-13,13,5.511653,2018-03-13,100,,SH,600705,open,order_39701264,deal_61472890
2018-03-13,14,14.501123999999999,2018-03-13,100,,SH,600048,close,order_93456702,deal_30475618
2018-03-13,15,27.0081,2018-03-13,100,,SH,601628,open,order_06387219,deal_17296584
2018-03-14,0,6.001799999999999,2018-03-14,100,,SH,600688,open,order_43805179,deal_94816235
2018-03-14,1,34.220263,2018-03-14,100,,SH,600585,open,order_59216047,deal_35681920
2018-03-14,2,7.512252999999999,2018-03-14,100,,SH,600919,open,order_14789623,deal_24758136
2018-03-14,3,11.683504000000001,2018-03-14,100,,SH,600926,open,order_69853271,deal_24013569
2018-03-14,4,19.660465,2018-03-14,100,,SZ,002142,close,order_10937268,deal_92365487
2018-03-14,5,2.7608279999999996,2018-03-14,100,,SZ,000630,open,order_39618574,deal_51074693
2018-03-14,6,10.523155999999998,2018-03-14,100,,SZ,002673,open,order_23078459,deal_48567031
2018-03-14,7,727.108067,2018-03-14,100,,SH,600519,open,order_38241956,deal_08973124
2018-03-14,8,5.5316589999999985,2018-03-14,100,,SH,601989,open,order_19725063,deal_71689452
2018-03-14,9,30.409119999999998,2018-03-14,100,,SH,600036,open,order_83019624,deal_32045917
2018-03-14,10,35.543733,2018-03-14,100,,SH,600340,close,order_73806129,deal_68713540
2018-03-15,0,9.252775,2018-03-15,100,,SZ,000983,open,order_73486190,deal_65397214
2018-03-15,1,18.415522999999997,2018-03-15,100,,SH,600362,open,order_27438519,deal_94861250
2018-03-15,2,10.653995,2018-03-15,100,,SZ,002146,close,order_12568490,deal_19640758
2018-03-15,3,5.501735,2018-03-15,100,,SZ,000959,close,order_27189064,deal_34129065
2018-03-15,4,6.501949999999999,2018-03-15,100,,SH,600583,open,order_37982045,deal_78243961
2018-03-15,5,48.97468799999999,2018-03-15,100,,SZ,002714,open,order_04231658,deal_45928716
2018-03-15,6,2.2506749999999998,2018-03-15,100,,SH,600074,open,order_13847560,deal_48721356
2018-03-15,7,32.601025,2018-03-15,100,,SZ,000002,close,order_01394276,deal_70196854
2018-03-15,8,9.972991,2018-03-15,100,,SZ,000060,open,order_80572964,deal_34871560
2018-03-15,9,30.470337,2018-03-15,100,,SH,600036,close,order_83526017,deal_02896173
2018-03-16,0,10.174715,2018-03-16,100,,SZ,000402,close,order_70382461,deal_69713528
2018-03-16,1,9.056395,2018-03-16,100,,SZ,000983,close,order_03947258,deal_37694815
2018-03-16,2,17.946639,2018-03-16,100,,SH,600362,close,order_81540673,deal_60379152
2018-03-16,3,8.249262,2018-03-16,100,,SH,600031,close,order_12876450,deal_31746592
2018-03-16,4,4.133790000000001,2018-03-16,100,,SZ,000425,close,order_78123609,deal_69807153
2018-03-16,5,8.826740000000001,2018-03-16,100,,SZ,002839,close,order_30521976,deal_64287103
2018-03-16,6,7.400367,2018-03-16,100,,SH,600919,close,order_59386712,deal_93017284
2018-03-16,7,11.544972,2018-03-16,100,,SH,600926,close,order_97543816,deal_32978054
2018-03-16,8,6.100835000000001,2018-03-16,100,,SZ,002385,close,order_79603152,deal_58964721
2018-03-16,9,11.764686000000001,2018-03-16,100,,SH,600352,close,order_02185493,deal_70482956
2018-03-16,10,12.913191,2018-03-16,100,,SH,601800,close,order_73582160,deal_14370689
2018-03-16,11,2.7159200000000006,2018-03-16,100,,SZ,000630,close,order_31290657,deal_73102486
2018-03-16,12,12.254049,2018-03-16,100,,SH,601633,close,order_23471698,deal_32765941
2018-03-16,13,12.773373000000001,2018-03-16,100,,SH,601788,close,order_24130856,deal_45906238
2018-03-16,14,145.520577,2018-03-16,100,,SH,603833,close,order_42687350,deal_03196278
2018-03-16,15,9.875165,2018-03-16,100,,SZ,000060,close,order_47156082,deal_73450291
2018-03-16,16,5.361945,2018-03-16,100,,SZ,002426,close,order_23984075,deal_61482359
2018-03-16,17,8.938365000000001,2018-03-16,100,,SH,600376,close,order_34120786,deal_89637521
2018-03-16,18,5.462889000000001,2018-03-16,100,,SH,601989,close,order_94813675,deal_45320781
2018-03-16,19,7.1107439999999995,2018-03-16,100,,SH,601985,close,order_48269315,deal_83901257
2018-03-16,20,24.058683000000002,2018-03-16,100,,SH,600482,close,order_37650821,deal_93481270
2018-03-16,21,26.894991,2018-03-16,100,,SH,601628,close,order_45712039,deal_31782406
2018-03-19,0,5.022455000000001,2018-03-19,100,,SZ,000166,close,order_23498710,deal_80532174
2018-03-19,1,42.062614999999994,2018-03-19,100,,SH,601601,open,order_74358620,deal_39254086
2018-03-19,2,9.74536,2018-03-19,100,,SZ,002465,close,order_29317504,deal_76942801
2018-03-19,3,7.220601,2018-03-19,100,,SH,600018,close,order_36109582,deal_65420879
2018-03-19,4,12.164166,2018-03-19,100,,SH,600153,close,order_59703816,deal_69845217
2018-03-19,5,13.849195,2018-03-19,100,,SZ,002027,close,order_27698354,deal_38219064
2018-03-19,6,27.069335000000002,2018-03-19,100,,SZ,002236,close,order_89365471,deal_14678290
2018-03-19,7,3.046035,2018-03-19,100,,SH,601099,close,order_46725139,deal_62417359
2018-03-19,8,7.4388250000000005,2018-03-19,100,,SZ,000876,close,order_65341028,deal_83946750
2018-03-19,9,10.266636,2018-03-19,100,,SH,601766,close,order_42867310,deal_79425180
2018-03-19,10,32.727399000000005,2018-03-19,100,,SH,601021,close,order_56140893,deal_49580617
2018-03-19,11,7.2890500000000005,2018-03-19,100,,SZ,000783,close,order_50784391,deal_53416027
2018-03-19,12,32.141715000000005,2018-03-19,100,,SZ,002558,close,order_87354021,deal_83217604
2018-03-19,13,9.996987,2018-03-19,100,,SH,601881,close,order_52178064,deal_93274851
2018-03-19,14,5.033448,2018-03-19,100,,SH,601992,close,order_85732196,deal_80512479
2018-03-19,15,6.361719000000001,2018-03-19,100,,SH,600583,close,order_19520386,deal_91530648
2018-03-19,16,6.60198,2018-03-19,100,,SH,600028,open,order_13629458,deal_68713259
2018-03-19,17,13.212800999999999,2018-03-19,100,,SH,600958,close,order_95876204,deal_63582914
2018-03-19,18,8.968326000000001,2018-03-19,100,,SH,600068,close,order_85306791,deal_57628139
2018-03-19,19,12.204113999999999,2018-03-19,100,,SH,600061,close,order_46859021,deal_06423915
2018-03-19,20,23.239749000000003,2018-03-19,100,,SH,600066,close,order_96172053,deal_16542978
2018-03-19,21,47.26899,2018-03-19,100,,SZ,002714,close,order_27560413,deal_53462017
2018-03-19,22,4.243625,2018-03-19,100,,SZ,000157,close,order_84261397,deal_65430892
2018-03-19,23,6.781173,2018-03-19,100,,SH,601377,close,order_23896150,deal_02965781
2018-03-19,24,30.673920000000003,2018-03-19,100,,SZ,002624,close,order_52016397,deal_08162549
2018-03-19,25,10.546272000000002,2018-03-19,100,,SH,600390,close,order_87520693,deal_24607193
2018-03-19,26,5.442915,2018-03-19,100,,SH,601898,close,order_54921603,deal_85607394
2018-03-19,27,11.974413,2018-03-19,100,,SH,600837,close,order_04127396,deal_23641089
2018-03-19,28,17.457276,2018-03-19,100,,SH,600739,close,order_10532948,deal_23589640
2018-03-19,29,27.408825,2018-03-19,100,,SZ,002153,close,order_20139478,deal_61309754
2018-03-19,30,6.381693,2018-03-19,100,,SH,601901,close,order_09612874,deal_45389120
2018-03-19,31,20.629010000000005,2018-03-19,100,,SZ,000623,close,order_92703581,deal_85271390
2018-03-19,32,8.057895,2018-03-19,100,,SZ,000671,close,order_05248673,deal_47810639
2018-03-20,0,62.695815,2018-03-20,100,,SZ,002594,close,order_90615423,deal_60289153
2018-03-20,1,8.439015000000001,2018-03-20,100,,SH,601555,close,order_53820149,deal_78403926
2018-03-20,2,17.686977,2018-03-20,100,,SH,601211,close,order_78540293,deal_37269054
2018-03-20,3,16.41534,2018-03-20,100,,SZ,000776,close,order_81436209,deal_60217385
2018-03-20,4,11.345232000000001,2018-03-20,100,,SH,600827,close,order_40385219,deal_91280453
2018-03-20,5,7.460289000000001,2018-03-20,100,,SH,600820,close,order_83412957,deal_18064973
2018-03-20,6,8.427340000000001,2018-03-20,100,,SZ,000069,close,order_19842370,deal_36957814
2018-03-20,7,17.217588,2018-03-20,100,,SH,601688,close,order_48103725,deal_50894263
2018-03-20,8,19.31099,2018-03-20,100,,SZ,002555,close,order_37861420,deal_41509623
2018-03-20,9,32.50117500000001,2018-03-20,100,,SZ,002602,close,order_68724159,deal_53608129
2018-03-20,10,7.29051,2018-03-20,100,,SH,600909,close,order_42057961,deal_08347652
2018-03-20,11,17.107731,2018-03-20,100,,SH,600977,close,order_38150472,deal_75268039
2018-03-20,12,18.156366000000002,2018-03-20,100,,SH,601966,close,order_09834527,deal_02178635
2018-03-20,13,7.938075,2018-03-20,100,,SZ,000686,close,order_19428367,deal_85036921
2018-03-20,14,63.569065,2018-03-20,100,,SZ,000423,open,order_54820917,deal_92587064
2018-03-20,15,7.360419,2018-03-20,100,,SH,600606,close,order_14236750,deal_98561703
2018-03-20,16,17.077769999999997,2018-03-20,100,,SH,600999,close,order_90156472,deal_29570368
2018-03-20,17,4.454202,2018-03-20,100,,SH,600369,close,order_32851960,deal_52180347
2018-03-20,18,21.637494999999998,2018-03-20,100,,SZ,002456,close,order_95176482,deal_24380196
2018-03-20,19,8.299197,2018-03-20,100,,SH,600649,close,order_06851734,deal_70185264
2018-03-20,20,32.311460000000004,2018-03-20,100,,SZ,300072,close,order_67598412,deal_29607138
2018-03-20,21,2.247075,2018-03-20,100,,SH,600074,close,order_24180735,deal_34027896
2018-03-20,22,8.928378,2018-03-20,100,,SH,600089,close,order_46075128,deal_24951760
2018-03-20,23,15.829395,2018-03-20,100,,SH,600373,close,order_21978045,deal_86310752
2018-03-20,24,6.41037,2018-03-20,100,,SZ,300315,close,order_46521890,deal_97165430
2018-03-20,25,27.683964,2018-03-20,100,,SH,600498,close,order_08257396,deal_46378291
2018-03-20,26,8.197685000000002,2018-03-20,100,,SZ,000338,close,order_28931407,deal_40956321
2018-03-20,27,8.457295000000002,2018-03-20,100,,SZ,002797,close,order_10346957,deal_82317695
2018-03-20,28,10.773814999999999,2018-03-20,100,,SZ,002736,close,order_25670498,deal_15732694
2018-03-20,29,9.076365000000001,2018-03-20,100,,SZ,002608,close,order_89326510,deal_26971085
2018-03-20,30,3.3056970000000003,2018-03-20,100,,SH,600219,close,order_68127359,deal_30896251
2018-03-20,31,6.012174,2018-03-20,100,,SH,601212,close,order_53928701,deal_09684312
2018-03-20,32,13.18284,2018-03-20,100,,SH,601878,close,order_30258167,deal_93815420
2018-03-20,33,7.42884,2018-03-20,100,,SZ,000839,close,order_01392675,deal_16984735
2018-03-20,34,9.34596,2018-03-20,100,,SZ,000728,close,order_75239861,deal_08514279
2018-03-20,35,3.9748260000000006,2018-03-20,100,,SH,601872,close,order_74210683,deal_69702358
2018-03-20,36,8.758599,2018-03-20,100,,SH,600489,close,order_72048165,deal_69574280
2018-03-20,37,31.99194,2018-03-20,100,,SZ,000063,close,order_83105429,deal_47015836
2018-03-20,38,13.552359000000001,2018-03-20,100,,SH,601198,close,order_35709284,deal_97321608
2018-03-20,39,5.502837,2018-03-20,100,,SH,601118,close,order_82497605,deal_87690235
2018-03-20,40,4.53319,2018-03-20,100,,SZ,000750,close,order_94728061,deal_26174093
2018-03-20,41,4.69389,2018-03-20,100,,SH,601333,close,order_65037849,deal_19823406
2018-03-20,42,6.531498,2018-03-20,100,,SH,600704,close,order_03581246,deal_40763582
2018-03-20,43,8.409054,2018-03-20,100,,SH,600109,close,order_82560314,deal_68594310
2018-03-21,0,19.500704999999996,2018-03-21,100,,SZ,002252,close,order_52196047,deal_84123956
2018-03-21,1,8.087850000000001,2018-03-21,100,,SZ,002065,close,order_42315896,deal_96472803
2018-03-21,2,3.805047,2018-03-21,100,,SH,600170,close,order_68012794,deal_78139265
2018-03-21,3,35.743473,2018-03-21,100,,SH,600588,close,order_34952867,deal_48921053
2018-03-21,4,7.500237000000001,2018-03-21,100,,SH,600959,close,order_93086147,deal_75861902
2018-03-21,5,26.715225,2018-03-21,100,,SH,600741,close,order_18745062,deal_47302819
2018-03-21,6,8.696935000000002,2018-03-21,100,,SZ,000559,close,order_49250813,deal_24015367
2018-03-21,7,49.93498500000001,2018-03-21,100,,SZ,002352,close,order_10243975,deal_83049675
2018-03-21,8,54.538070000000005,2018-03-21,100,,SZ,002831,close,order_71406825,deal_92835160
2018-03-21,9,12.393867,2018-03-21,100,,SH,600522,close,order_85019267,deal_67532914
2018-03-21,10,6.4815629999999995,2018-03-21,100,,SH,601375,close,order_19720435,deal_98061452
2018-03-21,11,2.29701,2018-03-21,100,,SH,600871,close,order_57896240,deal_70352918
2018-03-21,12,22.62601,2018-03-21,100,,SZ,002174,close,order_26370198,deal_73198602
2018-03-21,13,5.29311,2018-03-21,100,,SH,601018,close,order_21305479,deal_04972681
2018-03-21,14,43.48467500000001,2018-03-21,100,,SZ,002415,close,order_31068429,deal_53067284
2018-03-21,15,58.581995000000006,2018-03-21,100,,SZ,002466,close,order_74389510,deal_71824906
2018-03-21,16,10.22464,2018-03-21,100,,SZ,002673,close,order_24587109,deal_18764290
2018-03-21,17,4.604007000000001,2018-03-21,100,,SH,601899,close,order_03864725,deal_60385274
2018-03-21,18,24.617955000000002,2018-03-21,100,,SH,600549,close,order_13489207,deal_09286513
2018-03-21,19,8.107820000000002,2018-03-21,100,,SZ,000413,close,order_98723610,deal_84527136
2018-03-21,20,7.758345,2018-03-21,100,,SZ,002500,close,order_15327469,deal_38562749
2018-03-21,21,5.722550999999999,2018-03-21,100,,SH,601228,close,order_42730968,deal_70469531
2018-03-21,22,142.56275599999998,2018-03-21,100,,SH,603833,open,order_14257630,deal_92483017
2018-03-21,23,9.158079,2018-03-21,100,,SH,600674,close,order_93258601,deal_35810247
2018-03-21,24,9.062718,2018-03-21,100,,SH,600489,open,order_79654023,deal_58321940
2018-03-21,25,25.976187,2018-03-21,100,,SH,600660,close,order_50628143,deal_06472359
2018-03-21,26,14.647995000000002,2018-03-21,100,,SZ,002241,close,order_10924386,deal_96427830
2018-03-22,0,5.6614949999999995,2018-03-22,100,,SZ,000725,close,order_71425036,deal_52674391
2018-03-22,1,16.47855,2018-03-22,100,,SH,600900,close,order_40182973,deal_30451978
2018-03-22,2,18.995274000000002,2018-03-22,100,,SH,600690,close,order_59742361,deal_72046831
2018-03-22,3,16.235609999999998,2018-03-22,100,,SZ,300070,close,order_15083679,deal_07598246
2018-03-22,4,6.82974,2018-03-22,100,,SZ,000961,close,order_93781056,deal_01245389
2018-03-22,5,17.686977,2018-03-22,100,,SH,601163,close,order_04591236,deal_50932716
2018-03-22,6,2.3306989999999996,2018-03-22,100,,SH,600871,open,order_15487269,deal_65134809
2018-03-22,7,3.1259310000000005,2018-03-22,100,,SH,601866,close,order_80312457,deal_52693148
2018-03-22,8,25.86633,2018-03-22,100,,SH,600893,close,order_37205946,deal_82974561
2018-03-22,9,8.60707,2018-03-22,100,,SZ,002470,close,order_98576341,deal_18490653
2018-03-22,10,18.7718,2018-03-22,100,,SZ,002310,close,order_85913742,deal_01978345
2018-03-22,11,11.82224,2018-03-22,100,,SZ,000625,close,order_43098275,deal_78150392
2018-03-22,12,12.36143,2018-03-22,100,,SZ,300251,close,order_18723569,deal_79016453
2018-03-22,13,12.923178,2018-03-22,100,,SH,600111,close,order_27180346,deal_26850497
2018-03-22,14,18.382385000000003,2018-03-22,100,,SZ,002601,close,order_37195842,deal_86315207
2018-03-22,15,39.141200000000005,2018-03-22,100,,SZ,300136,close,order_19238607,deal_96107843
2018-03-22,16,35.643603000000006,2018-03-22,100,,SH,601012,close,order_38547106,deal_19243865
2018-03-22,17,3.805047,2018-03-22,100,,SH,601991,close,order_84217039,deal_36908452
2018-03-22,18,28.13773,2018-03-22,100,,SZ,000826,close,order_06253418,deal_28970463
2018-03-22,19,53.75924,2018-03-22,100,,SZ,002008,close,order_70293561,deal_14905832
2018-03-22,20,72.01182,2018-03-22,100,,SZ,000858,close,order_27813590,deal_61039874
2018-03-22,21,12.403854,2018-03-22,100,,SH,600816,close,order_07564392,deal_27094183
2018-03-22,22,3.0260610000000003,2018-03-22,100,,SH,600795,close,order_51427639,deal_40935761
2018-03-22,23,49.81516500000001,2018-03-22,100,,SZ,000651,close,order_45791236,deal_65182437
2018-03-22,24,14.254275,2018-03-22,100,,SH,601198,open,order_54107936,deal_27096851
2018-03-22,25,31.249371999999997,2018-03-22,100,,SH,600036,open,order_43258109,deal_03849652
2018-03-22,26,26.889605000000003,2018-03-22,100,,SZ,000895,close,order_58026417,deal_95638417
2018-03-23,0,9.016455,2018-03-23,100,,SZ,300027,close,order_83927456,deal_09684725
2018-03-23,1,23.814225,2018-03-23,100,,SZ,002475,close,order_26150839,deal_29071634
2018-03-23,2,31.518971999999998,2018-03-23,100,,SH,600585,close,order_58736291,deal_07231649
2018-03-23,3,26.290505000000003,2018-03-23,100,,SZ,002411,close,order_75210634,deal_87432069
2018-03-23,4,3.474780000000001,2018-03-23,100,,SZ,000100,close,order_26108795,deal_16845973
2018-03-23,5,2.2071270000000003,2018-03-23,100,,SH,600871,close,order_20163745,deal_49520173
2018-03-23,6,17.667002999999998,2018-03-23,100,,SH,600030,close,order_92648035,deal_58394170
2018-03-23,7,9.777273000000001,2018-03-23,100,,SH,600100,close,order_20364951,deal_69370124
2018-03-23,8,42.812839999999994,2018-03-23,100,,SZ,002415,open,order_57832190,deal_16829340
2018-03-23,9,56.854590000000016,2018-03-23,100,,SZ,000568,close,order_76291538,deal_91684053
2018-03-23,10,46.81966500000001,2018-03-23,100,,SZ,300033,close,order_62714590,deal_96037145
2018-03-23,11,24.877617,2018-03-23,100,,SH,600703,close,order_97528360,deal_51802697
2018-03-23,12,3.3256710000000003,2018-03-23,100,,SH,601608,close,order_36175980,deal_71346905
2018-03-23,13,11.92209,2018-03-23,100,,SZ,000792,close,order_30429561,deal_60321789
2018-03-23,14,9.837195000000001,2018-03-23,100,,SH,601933,close,order_17305892,deal_37128605
2018-03-23,15,6.20186,2018-03-23,100,,SH,601212,open,order_73520918,deal_25730916
2018-03-23,16,133.246554,2018-03-23,100,,SH,603833,close,order_75403918,deal_10235947
2018-03-23,17,33.15684000000001,2018-03-23,100,,SH,601155,close,order_03912786,deal_89246570
2018-03-23,18,17.31399,2018-03-23,100,,SZ,300024,close,order_32819465,deal_84753126
2018-03-23,19,13.202814,2018-03-23,100,,SH,601198,close,order_79203615,deal_26359104
2018-03-23,20,6.641355,2018-03-23,100,,SH,601958,close,order_09257168,deal_62587194
2018-03-26,0,15.506705000000002,2018-03-26,100,,SZ,000738,close,order_81405267,deal_64902517
2018-03-26,1,36.83205600000001,2018-03-26,100,,SH,601601,close,order_36950417,deal_12048369
2018-03-26,2,57.00436500000001,2018-03-26,100,,SZ,002230,close,order_57420369,deal_87652914
2018-03-26,3,5.462889000000001,2018-03-26,100,,SH,600023,close,order_41039258,deal_61204375
2018-03-26,4,19.65048,2018-03-26,100,,SZ,300144,close,order_95314620,deal_64532971
2018-03-26,5,15.689577000000002,2018-03-26,100,,SH,600233,close,order_75903268,deal_37561492
2018-03-26,6,85.07925300000001,2018-03-26,100,,SH,603160,close,order_35248017,deal_86039725
2018-03-26,7,63.614435,2018-03-26,100,,SZ,000938,close,order_15694720,deal_06749153
2018-03-26,8,19.205000999999996,2018-03-26,100,,SH,600663,close,order_17892406,deal_06931784
2018-03-26,9,712.5524760000001,2018-03-26,100,,SH,600519,close,order_36974128,deal_91064258
2018-03-26,10,20.878635,2018-03-26,100,,SZ,002074,close,order_40978362,deal_58697032
2018-03-26,11,34.03569600000001,2018-03-26,100,,SH,600104,close,order_08615934,deal_49056381
2018-03-26,12,55.17711000000001,2018-03-26,100,,SZ,000333,close,order_72391805,deal_78029314
2018-03-26,13,73.49958500000001,2018-03-26,100,,SZ,002460,close,order_04285769,deal_94752316
2018-03-26,14,24.173684999999995,2018-03-26,100,,SZ,002468,close,order_86147503,deal_92835704
2018-03-26,15,122.17097100000001,2018-03-26,100,,SH,603799,close,order_82064193,deal_78140359
2018-03-26,16,6.930978,2018-03-26,100,,SH,600886,close,order_39047856,deal_17639485
2018-03-26,17,11.64251,2018-03-26,100,,SZ,002292,close,order_87520463,deal_38417609
2018-03-26,18,12.80077,2018-03-26,100,,SZ,300017,close,order_71924506,deal_54269310
2018-03-26,19,5.303097,2018-03-26,100,,SH,600705,close,order_56987410,deal_18934625
2018-03-26,20,5.902317,2018-03-26,100,,SH,601919,close,order_29671843,deal_43205876
2018-03-26,21,20.663103,2018-03-26,100,,SH,600271,close,order_13720984,deal_70485316
2018-03-27,0,7.500237000000001,2018-03-27,100,,SH,600297,close,order_74812036,deal_27069483
2018-03-27,1,7.778315,2018-03-27,100,,SZ,000627,close,order_29501436,deal_62849751
2018-03-27,2,51.223323,2018-03-27,100,,SH,603858,close,order_28743569,deal_80423916
2018-03-27,3,8.858469000000001,2018-03-27,100,,SH,603993,close,order_40287369,deal_60852394
2018-03-27,4,16.238861999999997,2018-03-27,100,,SH,600637,close,order_62374109,deal_80436915
2018-03-27,5,28.672676999999993,2018-03-27,100,,SH,600036,close,order_37189406,deal_68439107
2018-03-28,0,65.30499300000001,2018-03-28,100,,SH,601318,close,order_16235749,deal_10693578
2018-03-28,1,13.132905000000001,2018-03-28,100,,SH,600895,close,order_69732501,deal_62385790
2018-03-28,2,26.097827,2018-03-28,100,,SZ,002411,open,order_30268497,deal_83947526
2018-03-28,3,5.422941000000002,2018-03-28,100,,SH,601718,close,order_87436510,deal_54926817
2018-03-28,4,60.499115,2018-03-28,100,,SZ,000423,close,order_69341872,deal_57492618
2018-03-28,5,27.808339999999998,2018-03-28,100,,SH,600893,open,order_92350876,deal_41536287
2018-03-28,6,5.922291000000001,2018-03-28,100,,SH,601727,close,order_06439571,deal_93256041
2018-03-28,7,18.135439,2018-03-28,100,,SH,600739,open,order_78193640,deal_68239015
2018-03-28,8,40.23955000000001,2018-03-28,100,,SZ,000503,close,order_39726081,deal_09245786
2018-03-28,9,22.786834,2018-03-28,100,,SH,600271,open,order_09318647,deal_50783926
2018-03-29,0,5.353032000000001,2018-03-29,100,,SH,600415,close,order_36804279,deal_23890147
2018-03-29,1,53.63019,2018-03-29,100,,SH,601888,close,order_47130869,deal_31249057
2018-03-29,2,17.835349,2018-03-29,100,,SZ,300070,open,order_30569842,deal_39720415
2018-03-29,3,10.413123,2018-03-29,100,,SH,601881,open,order_90865127,deal_20594183
2018-03-29,4,47.578068,2018-03-29,100,,SH,600009,close,order_12309476,deal_36517082
2018-03-29,5,41.427765,2018-03-29,100,,SZ,002415,close,order_08241739,deal_58602341
2018-03-29,6,33.539615000000005,2018-03-29,100,,SZ,300124,close,order_37250941,deal_69485713
2018-03-29,7,26.317892999999998,2018-03-29,100,,SH,600549,open,order_38692547,deal_29378510
2018-03-29,8,6.801146999999999,2018-03-29,100,,SH,600011,close,order_69718253,deal_97543160
2018-03-30,0,16.77816,2018-03-30,100,,SH,600406,close,order_18530692,deal_56821790
2018-03-30,1,10.563168000000001,2018-03-30,100,,SZ,002465,open,order_42389576,deal_36850214
2018-03-30,2,18.082835,2018-03-30,100,,SZ,002202,close,order_82905163,deal_06985423
2018-03-30,3,20.90627,2018-03-30,100,,SZ,300144,open,order_26348179,deal_42076598
2018-03-30,4,72.88185800000001,2018-03-30,100,,SZ,000938,open,order_31024879,deal_36741025
2018-03-30,5,35.380610999999995,2018-03-30,100,,SZ,300124,open,order_31582790,deal_67120395
2018-03-30,6,12.733818999999999,2018-03-30,100,,SH,600061,open,order_32756491,deal_87643025
2018-03-30,7,20.736219000000002,2018-03-30,100,,SZ,002310,open,order_21369580,deal_48695071
2018-03-30,8,6.942082,2018-03-30,100,,SZ,300315,open,order_43092658,deal_34759102
2018-03-30,9,22.026606,2018-03-30,100,,SZ,002074,open,order_28371604,deal_49026583
2018-03-30,10,77.41321699999999,2018-03-30,100,,SZ,002460,open,order_29740351,deal_15976238
2018-03-30,11,33.500046999999995,2018-03-30,100,,SZ,002624,open,order_26418305,deal_09218635
2018-03-30,12,14.964488,2018-03-30,100,,SZ,300017,open,order_25904361,deal_34976528
2018-03-30,13,20.90627,2018-03-30,100,,SZ,300024,open,order_51623798,deal_91365842
2018-03-30,14,6.231869,2018-03-30,100,,SH,601118,open,order_35067281,deal_43578192
2018-04-02,0,60.75822199999999,2018-04-02,100,,SZ,002230,open,order_18679542,deal_50712346
2018-04-02,1,5.89233,2018-04-02,100,,SH,600688,close,order_57249806,deal_23061987
2018-04-02,2,95.59639000000001,2018-04-02,100,,SZ,000538,close,order_25803614,deal_07235194
2018-04-02,3,37.761325,2018-04-02,100,,SH,600588,open,order_07468539,deal_05329614
2018-04-02,4,7.10213,2018-04-02,100,,SZ,000961,open,order_60891342,deal_02591768
2018-04-02,5,25.651465,2018-04-02,100,,SZ,002411,close,order_14375698,deal_15920874
2018-04-02,6,95.878755,2018-04-02,100,,SH,603160,open,order_71458692,deal_36140895
2018-04-02,7,6.4116539999999995,2018-04-02,100,,SH,600028,close,order_35182609,deal_21067539
2018-04-02,8,10.983293999999999,2018-04-02,100,,SH,600100,open,order_87923516,deal_60172453
2018-04-02,9,53.175948,2018-04-02,100,,SZ,300033,open,order_95382107,deal_13902874
2018-04-02,10,33.51005,2018-04-02,100,,SZ,000002,open,order_68973012,deal_07459162
2018-04-02,11,44.292345000000005,2018-04-02,100,,SH,600196,close,order_52193804,deal_63271459
2018-04-02,12,43.423023,2018-04-02,100,,SZ,000503,open,order_62914783,deal_12739658
2018-04-02,13,14.224266,2018-04-02,100,,SH,601198,open,order_79641058,deal_52867319
2018-04-02,14,25.657695,2018-04-02,100,,SH,600482,open,order_05491672,deal_12765039
2018-04-03,0,16.514953000000002,2018-04-03,100,,SZ,000738,open,order_95671034,deal_16783490
2018-04-03,1,35.673564,2018-04-03,100,,SH,600588,close,order_36450789,deal_07291856
2018-04-03,2,34.03020599999999,2018-04-03,100,,SZ,002602,open,order_46579380,deal_30524687
2018-04-03,3,4.404267000000001,2018-04-03,100,,SH,600208,close,order_03697548,deal_51498376
2018-04-03,4,17.485244,2018-04-03,100,,SH,600999,open,order_35982076,deal_67435829
2018-04-03,5,19.225766,2018-04-03,100,,SH,600030,open,order_84236097,deal_76352908
2018-04-03,6,9.142742,2018-04-03,100,,SZ,002470,open,order_35971042,deal_24689073
2018-04-03,7,14.424325999999999,2018-04-03,100,,SZ,000792,open,order_64018279,deal_91785423
2018-04-03,8,29.028706000000003,2018-04-03,100,,SH,600498,open,order_75261308,deal_75036298
2018-04-03,9,8.572571,2018-04-03,100,,SZ,000338,open,order_23185974,deal_73602589
2018-04-03,10,8.042411999999999,2018-04-03,100,,SZ,002500,open,order_12504896,deal_09587162
2018-04-03,11,71.782165,2018-04-03,100,,SZ,002460,close,order_17642058,deal_93452617
2018-04-03,12,9.152745,2018-04-03,100,,SH,600109,open,order_17246938,deal_39781652
2018-04-04,0,56.984395000000006,2018-04-04,100,,SZ,002230,close,order_81209547,deal_28519467
2018-04-04,1,9.427728,2018-04-04,100,,SH,601611,close,order_48501973,deal_46295073
2018-04-04,2,22.390854,2018-04-04,100,,SH,600518,close,order_65841073,deal_50239614
2018-04-04,3,17.575271,2018-04-04,100,,SH,601688,open,order_65284371,deal_30489625
2018-04-04,4,13.714113,2018-04-04,100,,SH,600895,open,order_92738054,deal_74803615
2018-04-04,5,81.084453,2018-04-04,100,,SH,600436,close,order_72058139,deal_87236054
2018-04-04,6,61.84854899999999,2018-04-04,100,,SZ,000423,open,order_71560423,deal_97645382
2018-04-04,7,38.831665,2018-04-04,100,,SZ,300015,close,order_87932605,deal_80917635
2018-04-04,8,17.355205,2018-04-04,100,,SH,600637,open,order_78943621,deal_36498750
2018-04-04,9,26.287884,2018-04-04,100,,SZ,002153,open,order_15634970,deal_72043198
2018-04-09,0,4.953552,2018-04-09,100,,SH,600008,close,order_39751268,deal_86517324
2018-04-09,1,33.630086,2018-04-09,100,,SH,600585,open,order_94381067,deal_96437205
2018-04-09,2,61.368405,2018-04-09,100,,SZ,000568,open,order_42317605,deal_16927843
2018-04-09,3,20.70889,2018-04-09,100,,SZ,002074,close,order_97804361,deal_54902736
2018-04-09,4,44.23326599999999,2018-04-09,100,,SH,600196,open,order_56730149,deal_93085267
2018-04-09,5,29.138739000000005,2018-04-09,100,,SZ,000826,open,order_30516297,deal_20957843
2018-04-09,6,5.631689,2018-04-09,100,,SH,601989,open,order_30769412,deal_74952130
2018-04-10,0,7.3021899999999995,2018-04-10,100,,SH,600018,open,order_38157062,deal_31492065
2018-04-10,1,16.654995,2018-04-10,100,,SZ,000776,open,order_97086154,deal_74091325
2018-04-10,2,8.352505,2018-04-10,100,,SH,600031,open,order_23785406,deal_79426803
2018-04-10,3,85.065512,2018-04-10,100,,SH,600436,open,order_29415837,deal_96472518
2018-04-10,4,7.400367,2018-04-10,100,,SH,601117,close,order_13962485,deal_40398251
2018-04-10,5,31.922045000000004,2018-04-10,100,,SZ,300124,close,order_53940672,deal_93841025
2018-04-10,6,12.214101000000001,2018-04-10,100,,SH,600061,close,order_83540279,deal_37185069
2018-04-10,7,47.024103,2018-04-10,100,,SZ,002714,open,order_40719632,deal_38740152
2018-04-10,8,6.80204,2018-04-10,100,,SH,601377,open,order_85746193,deal_62405783
2018-04-10,9,13.374011000000001,2018-04-10,100,,SH,601800,open,order_53780614,deal_01597238
2018-04-10,10,14.251449000000001,2018-04-10,100,,SH,600804,close,order_79508612,deal_75804196
2018-04-10,11,6.05091,2018-04-10,100,,SZ,300315,close,order_64192583,deal_56287940
2018-04-10,12,10.963288,2018-04-10,100,,SZ,002736,open,order_75831620,deal_94102583
2018-04-10,13,20.896266999999998,2018-04-10,100,,SZ,000623,open,order_50432971,deal_83179024
2018-04-11,0,13.464038,2018-04-11,100,,SZ,002081,open,order_84317295,deal_89637041
2018-04-11,1,22.496747,2018-04-11,100,,SZ,001979,open,order_62053814,deal_06793528
2018-04-11,2,22.446731999999997,2018-04-11,100,,SH,600518,open,order_48290356,deal_94671823
2018-04-11,3,7.552265,2018-04-11,100,,SH,601117,open,order_91426750,deal_41589072
2018-04-11,4,14.964488,2018-04-11,100,,SH,601997,open,order_93421750,deal_96230754
2018-04-11,5,7.982393999999999,2018-04-11,100,,SZ,000686,open,order_54671930,deal_71862905
2018-04-11,6,6.90207,2018-04-11,100,,SH,600028,open,order_50784912,deal_41308295
2018-04-11,7,9.032708999999999,2018-04-11,100,,SH,600177,open,order_91608725,deal_43507162
2018-04-11,8,50.05480500000001,2018-04-11,100,,SZ,300033,close,order_48360579,deal_25187694
2018-04-11,9,84.93943499999999,2018-04-11,100,,SH,600276,close,order_24617893,deal_67209381
2018-04-11,10,13.644092,2018-04-11,100,,SH,600111,open,order_08795214,deal_48167390
2018-04-11,11,42.392714,2018-04-11,100,,SZ,300015,open,order_75928361,deal_72345916
2018-04-11,12,5.731718999999999,2018-04-11,100,,SH,601228,open,order_80351974,deal_79013856
2018-04-11,13,13.193957000000001,2018-04-11,100,,SZ,002292,open,order_45876012,deal_09648125
2018-04-11,14,37.64128899999999,2018-04-11,100,,SH,601155,open,order_91436850,deal_13072849
2018-04-11,15,14.554365,2018-04-11,100,,SH,600048,open,order_78523614,deal_27589431
2018-04-12,0,17.485244,2018-04-12,100,,SH,601211,open,order_83652709,deal_51468239
2018-04-12,1,10.493146999999999,2018-04-12,100,,SZ,002146,open,order_91327045,deal_12985746
2018-04-12,2,7.50225,2018-04-12,100,,SH,601390,open,order_65280341,deal_50178926
2018-04-12,3,19.01144,2018-04-12,100,,SZ,002310,close,order_73284960,deal_35641920
2018-04-12,4,27.234549,2018-04-12,100,,SH,600498,close,order_46935082,deal_87960341
2018-04-12,5,42.874191,2018-04-12,100,,SH,600196,close,order_34061859,deal_50682973
2018-04-12,6,12.50375,2018-04-12,100,,SH,601788,open,order_17894052,deal_47265983
2018-04-12,7,8.482543999999999,2018-04-12,100,,SH,601009,open,order_24758936,deal_97632084
2018-04-12,8,11.533459,2018-04-12,100,,SZ,000001,open,order_29670438,deal_95046187
2018-04-12,9,8.152445,2018-04-12,100,,SZ,000671,open,order_13742805,deal_26970814
2018-04-12,10,109.752916,2018-04-12,100,,SZ,002304,open,order_21780596,deal_65382970
2018-04-13,0,17.285184,2018-04-13,100,,SH,600406,open,order_74083516,deal_47018329
2018-04-13,1,8.192457,2018-04-13,100,,SH,601555,open,order_03486975,deal_50267193
2018-04-13,2,21.9714,2018-04-13,100,,SH,600518,close,order_53819206,deal_90531647
2018-04-13,3,32.719813,2018-04-13,100,,SH,601021,open,order_67043159,deal_26739018
2018-04-13,4,13.784134,2018-04-13,100,,SH,600188,open,order_53429718,deal_59864137
2018-04-13,5,26.067818,2018-04-13,100,,SZ,002411,open,order_81695243,deal_71958623
2018-04-13,6,11.333399,2018-04-13,100,,SH,600926,open,order_54768903,deal_15240763
2018-04-13,7,31.193140000000003,2018-04-13,100,,SZ,000002,close,order_59618704,deal_95817403
2018-04-13,8,9.972991,2018-04-13,100,,SH,601186,open,order_51806947,deal_85027913
2018-04-13,9,6.211862999999999,2018-04-13,100,,SZ,000898,open,order_78625310,deal_82340916
2018-04-13,10,41.49766,2018-04-13,100,,SZ,002294,close,order_32015784,deal_60182943
2018-04-13,11,7.152144999999999,2018-04-13,100,,SH,600886,open,order_74952061,deal_13402695
2018-04-13,12,13.529675,2018-04-13,100,,SZ,002024,close,order_87519602,deal_58671432
2018-04-13,13,9.462837999999998,2018-04-13,100,,SZ,000060,open,order_89062473,deal_54072316
2018-04-13,14,11.553465,2018-04-13,100,,SH,600837,open,order_23496750,deal_80621739
2018-04-13,15,31.219362999999998,2018-04-13,100,,SZ,000063,open,order_95634208,deal_51283946
2018-04-13,16,5.471641,2018-04-13,100,,SH,600705,open,order_49107283,deal_46238591
2018-04-13,17,29.558865,2018-04-13,100,,SH,600036,open,order_85169243,deal_59628074
2018-04-16,0,7.9796130000000005,2018-04-16,100,,SH,601555,close,order_09218734,deal_35061428
2018-04-16,1,15.786285,2018-04-16,100,,SZ,000776,close,order_59273801,deal_24671938
2018-04-16,2,19.880135,2018-04-16,100,,SZ,300144,close,order_36854172,deal_36291058
2018-04-16,3,3.981194,2018-04-16,100,,SZ,000425,open,order_23748059,deal_26041785
2018-04-16,4,13.092957000000002,2018-04-16,100,,SH,600895,close,order_75489123,deal_83206147
2018-04-16,5,6.281883999999999,2018-04-16,100,,SH,600583,open,order_43916780,deal_53921074
2018-04-16,6,21.126336000000002,2018-04-16,100,,SZ,002456,open,order_96140723,deal_64795830
2018-04-16,7,28.083443999999997,2018-04-16,100,,SH,600332,close,order_68234079,deal_81420963
2018-04-16,8,8.512552999999999,2018-04-16,100,,SH,600019,open,order_25903486,deal_30815697
2018-04-16,9,8.199327000000002,2018-04-16,100,,SH,600021,close,order_02641359,deal_57341269
2018-04-16,10,10.163048,2018-04-16,100,,SH,600390,open,order_05184732,deal_72498635
2018-04-16,11,55.226563,2018-04-16,100,,SZ,002008,open,order_36201894,deal_67439510
2018-04-16,12,11.205414000000001,2018-04-16,100,,SH,600837,close,order_16279304,deal_67205814
2018-04-16,13,17.637042,2018-04-16,100,,SH,600739,close,order_91307548,deal_31928406
2018-04-16,14,11.70351,2018-04-16,100,,SH,601111,open,order_26835741,deal_46803175
2018-04-16,15,13.349945,2018-04-16,100,,SZ,002424,close,order_16820379,deal_17508643
2018-04-17,0,15.796270000000002,2018-04-17,100,,SZ,000738,close,order_18764029,deal_32478916
2018-04-17,1,8.072420999999999,2018-04-17,100,,SZ,002065,open,order_21634980,deal_60928743
2018-04-17,2,16.99447,2018-04-17,100,,SZ,300070,close,order_52937806,deal_37209568
2018-04-17,3,7.722315999999999,2018-04-17,100,,SZ,000627,open,order_83164750,deal_36890541
2018-04-17,4,25.531644999999997,2018-04-17,100,,SZ,002044,close,order_90463251,deal_67503219
2018-04-17,5,11.065596000000001,2018-04-17,100,,SH,600926,close,order_12867453,deal_20467385
2018-04-17,6,88.80440399999999,2018-04-17,100,,SH,603160,close,order_50196438,deal_63401752
2018-04-17,7,7.658495,2018-04-17,100,,SZ,000686,close,order_95170824,deal_12786945
2018-04-17,8,59.79018,2018-04-17,100,,SZ,000423,close,order_40582139,deal_81340275
2018-04-17,9,16.468563,2018-04-17,100,,SH,600999,close,order_29061537,deal_72093486
2018-04-17,10,8.429028,2018-04-17,100,,SH,600019,close,order_68194305,deal_26493510
2018-04-17,11,6.451602,2018-04-17,100,,SH,601377,close,order_68719254,deal_96784013
2018-04-17,12,12.52119,2018-04-17,100,,SZ,000792,close,order_23560419,deal_30718542
2018-04-17,13,12.164166,2018-04-17,100,,SH,601788,close,order_47362519,deal_39286471
2018-04-17,14,23.897167,2018-04-17,100,,SZ,002468,open,order_07645319,deal_15842630
2018-04-17,15,9.947052000000001,2018-04-17,100,,SH,600390,close,order_06523189,deal_56289170
2018-04-17,16,51.013365,2018-04-17,100,,SZ,002008,close,order_05463791,deal_08529174
2018-04-17,17,9.276065000000003,2018-04-17,100,,SZ,000060,close,order_76239150,deal_41786320
2018-04-17,18,8.702609999999998,2018-04-17,100,,SH,600376,open,order_49106378,deal_46701258
2018-04-17,19,22.940139,2018-04-17,100,,SH,601607,close,order_86715920,deal_16257890
2018-04-17,20,27.644016,2018-04-17,100,,SH,600036,close,order_41089327,deal_84930615
2018-04-17,21,20.059865000000002,2018-04-17,100,,SZ,000623,close,order_64723180,deal_76289015
2018-04-18,0,6.871055999999999,2018-04-18,100,,SH,600018,close,order_24368579,deal_14802657
2018-04-18,1,37.731316,2018-04-18,100,,SH,600588,open,order_41675928,deal_03864219
2018-04-18,2,7.370406,2018-04-18,100,,SH,601390,close,order_48973062,deal_09743526
2018-04-18,3,13.192827,2018-04-18,100,,SH,600188,close,order_14720695,deal_34519028
2018-04-18,4,14.341332,2018-04-18,100,,SH,601997,close,order_31295784,deal_62458971
2018-04-18,5,95.21855700000002,2018-04-18,100,,SH,603160,open,order_84620531,deal_39461025
2018-04-18,6,14.278550000000001,2018-04-18,100,,SZ,300059,close,order_01236495,deal_05317649
2018-04-18,7,3.581073999999999,2018-04-18,100,,SH,601608,open,order_86459071,deal_25647980
2018-04-18,8,22.860242999999997,2018-04-18,100,,SH,600549,close,order_41327908,deal_89573024
2018-04-18,9,10.644010000000002,2018-04-18,100,,SZ,002736,close,order_04615739,deal_10873465
2018-04-18,10,23.954015,2018-04-18,100,,SZ,002468,close,order_96427035,deal_26718059
2018-04-18,11,5.922291000000001,2018-04-18,100,,SH,601212,close,order_47950683,deal_12687539
2018-04-18,12,6.871055999999999,2018-04-18,100,,SH,600886,close,order_18059764,deal_13068745
2018-04-18,13,7.969626000000001,2018-04-18,100,,SH,601009,close,order_35760428,deal_46391580
2018-04-18,14,32.787321000000006,2018-04-18,100,,SH,601155,close,order_25369870,deal_23517608
2018-04-18,15,11.465076000000002,2018-04-18,100,,SH,601111,close,order_19805276,deal_57432096
2018-04-18,16,7.3889,2018-04-18,100,,SZ,000671,close,order_18903265,deal_03598621
2018-04-18,17,107.65827000000002,2018-04-18,100,,SZ,002304,close,order_09427186,deal_25164087
2018-04-19,0,16.805039999999998,2018-04-19,100,,SZ,000738,open,order_65149872,deal_89463502
2018-04-19,1,43.872891,2018-04-19,100,,SH,600535,close,order_67153490,deal_73459186
2018-04-19,2,32.767347,2018-04-19,100,,SH,600585,close,order_92716805,deal_63574981
2018-04-19,3,13.954185,2018-04-19,100,,SH,600188,open,order_97341085,deal_50468392
2018-04-19,4,18.9753,2018-04-19,100,,SH,600030,close,order_26389750,deal_67390845
2018-04-19,5,9.132738999999999,2018-04-19,100,,SH,600019,open,order_47028369,deal_36287501
2018-04-19,6,32.301475,2018-04-19,100,,SZ,300003,close,order_26814507,deal_28431769
2018-04-19,7,3.3910169999999993,2018-04-19,100,,SH,600219,open,order_04975236,deal_13468907
2018-04-19,8,9.702909999999997,2018-04-19,100,,SZ,000060,open,order_26371509,deal_79683521
2018-04-19,9,5.353032000000001,2018-04-19,100,,SH,600705,close,order_06259738,deal_46203985
2018-04-19,10,13.412541000000001,2018-04-19,100,,SH,600048,close,order_16843052,deal_50976342
2018-04-19,11,109.72290700000002,2018-04-19,100,,SZ,002304,open,order_20598147,deal_73410869
2018-04-20,0,7.50872,2018-04-20,100,,SZ,000627,close,order_39412086,deal_76283145
2018-04-20,1,6.82974,2018-04-20,100,,SZ,000961,close,order_42069531,deal_71405239
2018-04-20,2,26.627986,2018-04-20,100,,SZ,002044,open,order_14876905,deal_90532486
2018-04-20,3,9.977013000000001,2018-04-20,100,,SH,601881,close,order_94807216,deal_12384705
2018-04-20,4,18.87165,2018-04-20,100,,SZ,002456,close,order_85709362,deal_09728314
2018-04-20,5,4.514124000000001,2018-04-20,100,,SH,601216,close,order_91238470,deal_48936172
2018-04-20,6,9.577533,2018-04-20,100,,SH,601186,close,order_83297516,deal_80659124
2018-04-20,7,5.141541999999999,2018-04-20,100,,SH,601600,open,order_04358192,deal_91065347
2018-04-20,8,5.441631999999999,2018-04-20,100,,SZ,000723,open,order_03897254,deal_63024857
