,,deal_price,deal_time,deal_volume,direction,exchange,instrument,offset,order_id,trade_id
2018-01-29,0,9.172751,2018-01-29,100,,SZ,000686,open,order_58216340,deal_93145268
2018-01-29,1,7.462238,2018-01-29,100,,SH,600018,open,order_52138796,deal_18256437
2018-01-29,2,9.402819999999998,2018-01-29,100,,SH,600031,open,order_31642780,deal_15289470
2018-01-29,3,9.952984999999998,2018-01-29,100,,SH,600015,open,order_80137965,deal_76238159
2018-01-29,4,7.252174999999999,2018-01-29,100,,SH,601919,open,order_18057264,deal_23706419
2018-01-29,5,24.017203,2018-01-29,100,,SZ,002174,open,order_30619548,deal_94801657
2018-01-29,6,17.495247000000003,2018-01-29,100,,SH,600637,open,order_59320418,deal_21698374
2018-01-29,7,33.49004399999999,2018-01-29,100,,SH,600887,open,order_20785634,deal_69732045
2018-01-29,8,7.292187,2018-01-29,100,,SH,601998,open,order_14368509,deal_92510436
2018-01-29,9,22.676801,2018-01-29,100,,SH,600588,open,order_72650841,deal_14832569
2018-01-29,10,19.855955,2018-01-29,100,,SZ,300024,open,order_47521063,deal_40861752
2018-01-29,11,11.863558000000001,2018-01-29,100,,SH,600390,open,order_24395817,deal_17203684
2018-01-29,12,10.023005999999999,2018-01-29,100,,SH,600019,open,order_61392087,deal_03729468
2018-01-29,13,6.051815,2018-01-29,100,,SZ,000725,open,order_06894351,deal_91248765
2018-01-29,14,48.734615999999995,2018-01-29,100,,SH,601888,open,order_64051287,deal_65120389
2018-01-29,15,33.93017599999999,2018-01-29,100,,SH,600085,open,order_23710685,deal_41935278
2018-01-29,16,10.043012,2018-01-29,100,,SH,600100,open,order_86392547,deal_67821094
2018-01-29,17,12.063617999999998,2018-01-29,100,,SH,601881,open,order_97806154,deal_14802573
2018-01-29,18,19.895967,2018-01-29,100,,SH,600999,open,order_03749586,deal_97243150
2018-01-29,19,82.114627,2018-01-29,100,,SZ,000858,open,order_04926813,deal_39867015
2018-01-29,20,5.611682999999999,2018-01-29,100,,SZ,000166,open,order_71584326,deal_25714930
2018-01-29,21,43.563064999999995,2018-01-29,100,,SH,601155,open,order_15679802,deal_75321690
2018-01-29,22,2.5507649999999997,2018-01-29,100,,SH,600010,open,order_32174059,deal_24608739
2018-01-29,23,7.442232000000001,2018-01-29,100,,SH,601398,open,order_49306728,deal_85314962
2018-01-29,24,5.381614,2018-01-29,100,,SH,600208,open,order_65834027,deal_05618724
2018-01-29,25,20.376110999999998,2018-01-29,100,,SH,601688,open,order_18564930,deal_15642389
2018-01-29,26,4.611382999999999,2018-01-29,100,,SH,601988,open,order_40671395,deal_93025716
2018-01-29,27,13.474041,2018-01-29,100,,SH,600000,open,order_45376912,deal_25376489
2018-01-29,28,26.017803,2018-01-29,100,,SZ,001979,open,order_13604897,deal_82941735
2018-01-29,29,2.970891,2018-01-29,100,,SH,600871,open,order_78930246,deal_67935140
2018-01-29,30,13.013903,2018-01-29,100,,SH,600816,open,order_45109732,deal_71043852
2018-01-29,31,7.242171999999999,2018-01-29,100,,SH,601901,open,order_35280716,deal_53076841
2018-01-29,32,43.633086000000006,2018-01-29,100,,SH,600340,open,order_23678904,deal_43067812
2018-01-29,33,5.891767,2018-01-29,100,,SH,600023,open,order_62145793,deal_67124980
2018-01-29,34,4.161248,2018-01-29,100,,SH,601608,open,order_13642970,deal_93812764
2018-01-29,35,6.882064000000001,2018-01-29,100,,SZ,002385,open,order_39267015,deal_62817394
2018-01-29,36,13.754124999999998,2018-01-29,100,,SZ,000001,open,order_94725603,deal_34619027
2018-01-29,37,15.354605,2018-01-29,100,,SH,601198,open,order_05841729,deal_80723591
2018-01-29,38,16.40492,2018-01-29,100,,SZ,002081,open,order_91867235,deal_94271683
2018-01-29,39,6.3519049999999995,2018-01-29,100,,SZ,000959,open,order_34586021,deal_34107598
2018-01-29,40,13.313993,2018-01-29,100,,SZ,002736,open,order_05942376,deal_92164078
2018-01-29,41,9.722916000000001,2018-01-29,100,,SH,601009,open,order_19346720,deal_97856031
2018-01-29,42,4.521356,2018-01-29,100,,SH,601288,open,order_97356081,deal_92035168
2018-01-29,43,4.661398,2018-01-29,100,,SZ,000425,open,order_23480965,deal_60831947
2018-01-29,44,3.260978,2018-01-29,100,,SH,600221,open,order_91672340,deal_92841705
2018-01-29,45,19.255775,2018-01-29,100,,SZ,300144,open,order_68054317,deal_24385761
2018-01-29,46,8.382513999999999,2018-01-29,100,,SH,600115,open,order_58924631,deal_18624970
2018-01-29,47,5.711713,2018-01-29,100,,SH,600705,open,order_07183964,deal_07189546
2018-01-29,48,60.32809299999999,2018-01-29,100,,SZ,002714,open,order_04278956,deal_54398170
2018-01-29,49,10.853254999999999,2018-01-29,100,,SH,601611,open,order_36928045,deal_35960124
2018-01-29,50,16.564968,2018-01-29,100,,SH,600977,open,order_85926374,deal_26471950
2018-01-29,51,7.452234999999999,2018-01-29,100,,SH,600028,open,order_69014872,deal_46829130
2018-01-29,52,13.233969,2018-01-29,100,,SH,601111,open,order_31452860,deal_14369820
2018-01-29,53,7.282183999999998,2018-01-29,100,,SH,600583,open,order_78645230,deal_07123569
2018-01-29,54,9.932979,2018-01-29,100,,SH,600089,open,order_59781632,deal_09238641
2018-01-29,55,6.3519049999999995,2018-01-29,100,,SH,601898,open,order_20548913,deal_72853109
2018-01-29,56,9.992996999999999,2018-01-29,100,,SH,600177,open,order_12406953,deal_25470618
2018-01-29,57,6.491947,2018-01-29,100,,SH,600011,open,order_64573281,deal_32478659
2018-01-29,58,9.532858999999998,2018-01-29,100,,SH,601939,open,order_10427869,deal_78196352
2018-01-29,59,26.597977,2018-01-29,100,,SZ,002411,open,order_37162850,deal_19025638
2018-01-29,60,9.812943,2018-01-29,100,,SH,600068,open,order_21853970,deal_04189235
2018-01-29,61,39.371808,2018-01-29,100,,SZ,300072,open,order_89105374,deal_48295106
2018-01-29,62,10.193057,2018-01-29,100,,SH,601225,open,order_43265018,deal_40217935
2018-01-29,63,30.129036,2018-01-29,100,,SZ,300122,open,order_28563741,deal_97236405
2018-01-29,64,10.433129,2018-01-29,100,,SZ,300027,open,order_40632857,deal_60374529
2018-01-29,65,9.932979,2018-01-29,100,,SH,600489,open,order_48739056,deal_80529631
2018-01-29,66,102.020597,2018-01-29,100,,SH,603799,open,order_83702495,deal_65893014
2018-01-29,67,16.40492,2018-01-29,100,,SH,601229,open,order_29746308,deal_79405623
2018-01-29,68,12.093627,2018-01-29,100,,SZ,000402,open,order_35780412,deal_87491360
2018-01-29,69,18.315493,2018-01-29,100,,SH,600188,open,order_31274508,deal_21438506
2018-01-29,70,13.394016999999998,2018-01-29,100,,SZ,002024,open,order_46982310,deal_03986512
2018-01-29,71,20.596176999999997,2018-01-29,100,,SZ,002555,open,order_80631259,deal_92475086
2018-01-29,72,4.561367999999999,2018-01-29,100,,SZ,000157,open,order_19687403,deal_27368159
2018-01-29,73,25.547662000000006,2018-01-29,100,,SH,600549,open,order_39781502,deal_58920741
2018-01-29,74,7.782333999999999,2018-01-29,100,,SH,601377,open,order_07436518,deal_76018943
2018-01-29,75,11.213363,2018-01-29,100,,SH,601933,open,order_37682451,deal_98610527
2018-01-29,76,13.143942,2018-01-29,100,,SZ,300017,open,order_23769508,deal_26531498
2018-01-29,77,7.162147999999999,2018-01-29,100,,SH,601375,open,order_04231956,deal_59736284
2018-01-29,78,7.612283,2018-01-29,100,,SH,601117,open,order_07916835,deal_50847326
2018-01-29,79,34.99049399999999,2018-01-29,100,,SH,600585,open,order_54973086,deal_05129486
2018-01-29,80,3.9311789999999998,2018-01-29,100,,SH,600170,open,order_40793528,deal_85249016
2018-01-29,81,9.532858999999998,2018-01-29,100,,SH,600606,open,order_84017962,deal_82576413
2018-01-29,82,16.995097,2018-01-29,100,,SH,600048,open,order_45378216,deal_32695017
2018-01-29,83,7.802339999999999,2018-01-29,100,,SZ,000961,open,order_70365241,deal_36519742
2018-01-29,84,13.043912,2018-01-29,100,,SZ,002673,open,order_63814957,deal_49327608
2018-01-29,85,4.171251,2018-01-29,100,,SZ,000709,open,order_71054628,deal_41870295
2018-01-29,86,14.154244999999998,2018-01-29,100,,SH,600837,open,order_13852496,deal_74698315
2018-01-29,87,7.582274,2018-01-29,100,,SH,601669,open,order_20365918,deal_59378604
2018-01-29,88,3.5310589999999995,2018-01-29,100,,SH,601866,open,order_40379265,deal_96302571
2018-01-29,89,8.492547,2018-01-29,100,,SZ,000876,open,order_60413257,deal_03785419
2018-01-29,90,25.217563,2018-01-29,100,,SZ,002236,open,order_76503984,deal_62984173
2018-01-29,91,23.066918,2018-01-29,100,,SZ,000623,open,order_28193760,deal_96307248
2018-01-29,92,127.818334,2018-01-29,100,,SZ,002304,open,order_42650791,deal_89350274
2018-01-29,93,14.904469999999998,2018-01-29,100,,SH,600958,open,order_35941708,deal_51978634
2018-01-29,94,12.783833999999999,2018-01-29,100,,SH,600153,open,order_93612587,deal_87905412
2018-01-29,95,9.212762999999999,2018-01-29,100,,SH,600016,open,order_41703928,deal_21875439
2018-01-29,96,4.721416,2018-01-29,100,,SH,601216,open,order_80316759,deal_09657421
2018-01-29,97,7.012103,2018-01-29,100,,SH,601212,open,order_45178062,deal_38501496
2018-01-29,98,17.335199000000003,2018-01-29,100,,SH,601878,open,order_31870526,deal_34926810
2018-01-29,99,7.622286,2018-01-29,100,,SH,601985,open,order_27061459,deal_91632075
2018-01-29,100,45.703706999999994,2018-01-29,100,,SH,600009,open,order_97301486,deal_92064351
2018-01-29,101,26.187854,2018-01-29,100,,SZ,300003,open,order_35824970,deal_41653289
2018-01-29,102,50.465135000000004,2018-01-29,100,,SH,600570,open,order_59418270,deal_89315460
2018-01-29,103,73.271975,2018-01-29,100,,SH,600276,open,order_95738061,deal_59024713
2018-01-29,104,25.467637999999997,2018-01-29,100,,SZ,002153,open,order_45198063,deal_93751264
2018-01-29,105,37.621283,2018-01-29,100,,SH,601012,open,order_18529460,deal_23956408
2018-01-29,106,16.094827,2018-01-29,100,,SZ,300059,open,order_15386047,deal_34167085
2018-01-29,107,34.480340999999996,2018-01-29,100,,SH,600104,open,order_92546873,deal_25348190
2018-01-29,108,26.147842,2018-01-29,100,,SH,601088,open,order_60745183,deal_96023857
2018-01-29,109,59.897964,2018-01-29,100,,SZ,000333,open,order_15786342,deal_93614850
2018-01-29,110,62.928872999999996,2018-01-29,100,,SZ,002594,open,order_06843271,deal_47581369
2018-01-29,111,7.312193,2018-01-29,100,,SZ,000898,open,order_32180956,deal_87029543
2018-01-29,112,2.8908669999999996,2018-01-29,100,,SZ,000630,open,order_80495736,deal_40953278
2018-01-29,113,4.951485,2018-01-29,100,,SH,600369,open,order_54261038,deal_58913472
2018-01-29,114,9.312793,2018-01-29,100,,SH,601857,open,order_15203897,deal_54172086
2018-01-29,115,10.723216,2018-01-29,100,,SH,600376,open,order_78061453,deal_65701324
2018-01-29,116,6.7420219999999995,2018-01-29,100,,SH,601727,open,order_01684573,deal_28751930
2018-01-29,117,8.162448,2018-01-29,100,,SZ,000627,open,order_79483162,deal_45670329
2018-01-29,118,14.954485,2018-01-29,100,,SH,601788,open,order_47265398,deal_04912867
2018-01-29,119,12.793836999999998,2018-01-29,100,,SH,600926,open,order_34950768,deal_06731845
2018-01-29,120,6.231869,2018-01-29,100,,SH,601989,open,order_18723904,deal_59814736
2018-01-29,121,7.292187,2018-01-29,100,,SH,600704,open,order_94582617,deal_02614937
2018-01-29,122,10.343101999999998,2018-01-29,100,,SZ,000671,open,order_48092617,deal_98031624
2018-01-29,123,10.393117,2018-01-29,100,,SZ,002839,open,order_45012986,deal_95217864
2018-01-29,124,7.832348999999999,2018-01-29,100,,SH,603993,open,order_71652049,deal_46829531
2018-01-29,125,32.999897,2018-01-29,100,,SH,600036,open,order_26901384,deal_75012893
2018-01-29,126,61.028302999999994,2018-01-29,100,,SZ,300033,open,order_29465871,deal_10685792
2018-01-29,127,12.013603,2018-01-29,100,,SH,601186,open,order_07632149,deal_04815627
2018-01-29,128,8.252474999999999,2018-01-29,100,,SZ,000783,open,order_96850734,deal_74130269
2018-01-29,129,5.961788,2018-01-29,100,,SH,600415,open,order_04896731,deal_72480691
2018-01-29,130,3.7911369999999995,2018-01-29,100,,SH,601099,open,order_01948652,deal_98307461
2018-01-29,131,18.955685000000003,2018-01-29,100,,SH,601166,open,order_42109386,deal_09683214
2018-01-29,132,37.231166,2018-01-29,100,,SZ,002572,open,order_56280931,deal_85391420
2018-01-29,133,23.727116000000006,2018-01-29,100,,SZ,002044,open,order_21657309,deal_78012954
2018-01-29,134,52.065615,2018-01-29,100,,SZ,002739,open,order_43519760,deal_46813259
2018-01-29,135,73.442026,2018-01-29,100,,SH,600436,open,order_48370961,deal_53296784
2018-01-29,136,17.425226000000002,2018-01-29,100,,SZ,002601,open,order_57690234,deal_61953482
2018-01-29,137,6.712013,2018-01-29,100,,SZ,300315,open,order_58794062,deal_79435162
2018-01-29,138,135.46062599999996,2018-01-29,100,,SH,603833,open,order_05918374,deal_35162490
2018-01-29,139,16.805039999999998,2018-01-29,100,,SH,600804,open,order_53721804,deal_13952608
2018-01-29,140,7.622286,2018-01-29,100,,SH,601169,open,order_26435819,deal_94285703
2018-01-29,141,9.092727,2018-01-29,100,,SZ,002065,open,order_27381596,deal_59260184
2018-01-29,142,7.752325,2018-01-29,100,,SH,601958,open,order_89156723,deal_92053864
2018-01-29,143,5.461638000000001,2018-01-29,100,,SH,601018,open,order_09218356,deal_51068297
2018-01-29,144,14.664397999999998,2018-01-29,100,,SH,601800,open,order_25974810,deal_71429350
2018-01-29,145,34.920472999999994,2018-01-29,100,,SZ,300015,open,order_81379520,deal_45396028
2018-01-29,146,3.260978,2018-01-29,100,,SH,600795,open,order_71698352,deal_24739581
2018-01-29,147,736.550899,2018-01-29,100,,SH,600519,open,order_80519264,deal_81650432
2018-01-29,148,9.952984999999998,2018-01-29,100,,SH,600109,open,order_82049536,deal_56438712
2018-01-29,149,38.591574,2018-01-29,100,,SZ,000002,open,order_17546302,deal_82357490
2018-01-29,150,14.504349999999999,2018-01-29,100,,SZ,002027,open,order_31926748,deal_25781649
2018-01-29,151,6.431929,2018-01-29,100,,SH,601118,open,order_84295716,deal_40368712
2018-01-29,152,19.905970000000003,2018-01-29,100,,SZ,002252,open,order_72035846,deal_67941503
2018-01-29,153,8.712613,2018-01-29,100,,SH,601390,open,order_30768915,deal_06943527
2018-01-29,154,73.392011,2018-01-29,100,,SH,601318,open,order_75286410,deal_52067318
2018-01-29,155,6.932079,2018-01-29,100,,SH,601328,open,order_43628507,deal_95410763
2018-01-29,156,22.126635999999998,2018-01-29,100,,SH,600030,open,order_83504291,deal_10985432
2018-01-29,157,12.523755999999999,2018-01-29,100,,SH,601633,open,order_57082619,deal_58764190
2018-01-29,158,17.215163,2018-01-29,100,,SH,600373,open,order_57468219,deal_96785041
2018-01-29,159,13.173950999999999,2018-01-29,100,,SZ,000625,open,order_93452087,deal_32019465
2018-01-29,160,20.306089999999998,2018-01-29,100,,SH,600663,open,order_92654307,deal_56143908
2018-01-29,161,30.339099,2018-01-29,100,,SH,601628,open,order_15972086,deal_96712843
2018-01-29,162,31.079321,2018-01-29,100,,SZ,002624,open,order_37480652,deal_45398672
2018-01-29,163,20.80624,2018-01-29,100,,SH,600690,open,order_59826304,deal_62970351
2018-01-29,164,18.075421,2018-01-29,100,,SH,600739,open,order_02469813,deal_23804756
2018-01-29,165,10.083024,2018-01-29,100,,SH,601006,open,order_32056481,deal_89216570
2018-01-29,166,65.0195,2018-01-29,100,,SZ,000423,open,order_26987304,deal_76802543
2018-01-29,167,28.968687999999997,2018-01-29,100,,SZ,300124,open,order_65418293,deal_34298761
2018-01-29,168,16.975091000000003,2018-01-29,100,,SH,601997,open,order_02913578,deal_38061245
2018-01-29,169,17.795337000000004,2018-01-29,100,,SH,600406,open,order_79368542,deal_97634510
2018-01-29,170,10.513152999999999,2018-01-29,100,,SH,601668,open,order_34250918,deal_79105824
2018-01-29,171,36.57096799999999,2018-01-29,100,,SH,600535,open,order_71428603,deal_28459173
2018-01-29,172,19.515853000000003,2018-01-29,100,,SZ,002142,open,order_41750269,deal_61342587
2018-01-29,173,9.762927999999999,2018-01-29,100,,SZ,002500,open,order_50243961,deal_29753416
2018-01-29,174,5.051515,2018-01-29,100,,SH,601899,open,order_64392580,deal_20341859
2018-01-29,175,20.386114000000003,2018-01-29,100,,SH,601211,open,order_62748053,deal_09625418
2018-01-29,176,52.175648,2018-01-29,100,,SZ,002508,open,order_98453021,deal_04691258
2018-01-29,177,8.372510999999998,2018-01-29,100,,SH,600820,open,order_85271690,deal_89374651
2018-01-29,178,55.80673699999999,2018-01-29,100,,SZ,000651,open,order_82970146,deal_95106324
2018-01-29,179,16.354905000000002,2018-01-29,100,,SH,600383,open,order_97860214,deal_61972043
2018-01-29,180,50.205057,2018-01-29,100,,SZ,002008,open,order_28693051,deal_57892013
2018-01-29,181,10.453135,2018-01-29,100,,SZ,000069,open,order_15849376,deal_30517426
2018-01-29,182,4.2412719999999995,2018-01-29,100,,SH,601991,open,order_36782490,deal_58019746
2018-01-29,183,10.523155999999998,2018-01-29,100,,SZ,002797,open,order_91567238,deal_64159720
2018-01-29,184,13.814143,2018-01-29,100,,SZ,300251,open,order_95381276,deal_73069284
2018-01-29,185,11.833549,2018-01-29,100,,SZ,000060,open,order_52941670,deal_26087519
2018-01-29,186,5.141541999999999,2018-01-29,100,,SZ,000750,open,order_48736019,deal_12358690
2018-01-29,187,32.399717,2018-01-29,100,,SH,600547,open,order_85917064,deal_30921586
2018-01-29,188,6.461938,2018-01-29,100,,SH,601228,open,order_26839041,deal_94703561
2018-01-29,189,13.894167,2018-01-29,100,,SZ,002146,open,order_74892061,deal_30256891
2018-01-29,190,7.362207999999999,2018-01-29,100,,SZ,000540,open,order_58934671,deal_45793086
2018-01-29,191,19.525856,2018-01-29,100,,SZ,000776,open,order_28609513,deal_36125079
2018-01-29,192,11.243371999999999,2018-01-29,100,,SZ,000728,open,order_61843295,deal_91037485
2018-01-29,193,4.7614279999999995,2018-01-29,100,,SH,601818,open,order_10236548,deal_16507248
2018-01-29,194,9.062718,2018-01-29,100,,SZ,000338,open,order_29013846,deal_91546087
2018-01-29,195,37.971388,2018-01-29,100,,SH,600682,open,order_95314860,deal_03158942
2018-01-29,196,10.083024,2018-01-29,100,,SH,601555,open,order_41703685,deal_72345618
2018-01-29,197,8.162448,2018-01-29,100,,SH,600919,open,order_31570928,deal_35847190
2018-01-29,198,13.894167,2018-01-29,100,,SH,600061,open,order_50742896,deal_25978613
2018-01-29,199,8.162448,2018-01-29,100,,SH,600909,open,order_50613984,deal_62809413
2018-01-29,200,7.152144999999999,2018-01-29,100,,SH,600050,open,order_48975630,deal_29560137
2018-01-30,0,33.276684,2018-01-30,100,,SH,600887,close,order_18459037,deal_52184039
2018-01-30,1,24.217263,2018-01-30,100,,SH,600482,open,order_30745126,deal_62539704
2018-01-30,2,81.267915,2018-01-30,100,,SZ,000858,close,order_86735429,deal_81093546
2018-01-30,3,29.156200000000002,2018-01-30,100,,SZ,300122,close,order_31948065,deal_62318754
2018-01-30,4,25.806408,2018-01-30,100,,SH,600549,close,order_98075624,deal_04598736
2018-01-30,5,10.733218999999998,2018-01-30,100,,SZ,000983,open,order_24135769,deal_79034182
2018-01-30,6,124.79252999999999,2018-01-30,100,,SZ,002304,close,order_28540679,deal_26189473
2018-01-30,7,63.34484000000001,2018-01-30,100,,SZ,002594,close,order_36852140,deal_71348295
2018-01-30,8,8.117805000000002,2018-01-30,100,,SZ,000627,close,order_02379146,deal_67209134
2018-01-30,9,10.56413,2018-01-30,100,,SZ,002839,close,order_92153046,deal_27460193
2018-01-30,10,25.707710000000002,2018-01-30,100,,SH,600893,open,order_04527138,deal_08347912
2018-01-30,11,37.533615000000005,2018-01-30,100,,SZ,002572,close,order_30419628,deal_61270398
2018-01-30,12,16.558446,2018-01-30,100,,SH,600804,close,order_56940182,deal_40321768
2018-01-30,13,741.105309,2018-01-30,100,,SH,600519,close,order_28156439,deal_79346082
2018-01-30,14,11.783534,2018-01-30,100,,SH,600029,open,order_78103625,deal_76423158
2018-01-30,15,29.951013000000003,2018-01-30,100,,SH,601628,close,order_02617943,deal_92078341
2018-01-30,16,49.93498500000001,2018-01-30,100,,SZ,002008,close,order_13576492,deal_25168934
2018-01-30,17,18.30549,2018-01-30,100,,SZ,002202,open,order_83405217,deal_47613820
2018-01-31,0,9.168066,2018-01-31,100,,SH,600031,close,order_17435890,deal_68201534
2018-01-31,1,24.058683000000002,2018-01-31,100,,SH,600482,close,order_95023164,deal_05483617
2018-01-31,2,6.060895,2018-01-31,100,,SZ,000725,close,order_82639751,deal_57163842
2018-01-31,3,2.6365680000000005,2018-01-31,100,,SH,600871,close,order_05371642,deal_89561704
2018-01-31,4,12.943152,2018-01-31,100,,SH,600816,close,order_29671043,deal_72580619
2018-01-31,5,4.024761000000001,2018-01-31,100,,SH,601608,close,order_46082359,deal_04761289
2018-01-31,6,9.787260000000002,2018-01-31,100,,SH,600089,close,order_03217694,deal_56320978
2018-01-31,7,26.34043,2018-01-31,100,,SZ,002411,close,order_46591308,deal_07368214
2018-01-31,8,4.473280000000001,2018-01-31,100,,SZ,000157,close,order_96728053,deal_76412083
2018-01-31,9,9.218001000000001,2018-01-31,100,,SH,600606,close,order_30294685,deal_89513702
2018-01-31,10,7.310484,2018-01-31,100,,SH,601669,close,order_61852409,deal_32418097
2018-01-31,11,25.272035000000002,2018-01-31,100,,SZ,002153,close,order_28596104,deal_98162534
2018-01-31,12,7.8382249999999996,2018-01-31,100,,SZ,002065,close,order_35407261,deal_14023985
2018-01-31,13,7.270536000000001,2018-01-31,100,,SH,601958,close,order_75168320,deal_86321507
2018-01-31,14,74.972409,2018-01-31,100,,SH,601318,close,order_05426139,deal_37619540
2018-01-31,15,20.756225,2018-01-31,100,,SH,600362,open,order_32017849,deal_58124973
2018-01-31,16,19.534571999999997,2018-01-31,100,,SH,600663,close,order_02835647,deal_73584920
2018-01-31,17,29.795240000000003,2018-01-31,100,,SZ,002624,close,order_30157964,deal_83016954
2018-01-31,18,35.773434,2018-01-31,100,,SH,600535,close,order_94526731,deal_54087361
2018-01-31,19,8.239275,2018-01-31,100,,SH,600820,close,order_02915638,deal_64302987
2018-01-31,20,15.629655,2018-01-31,100,,SH,600383,close,order_07235941,deal_37908215
2018-02-01,0,16.059095999999997,2018-02-01,100,,SH,600637,close,order_16705329,deal_97215468
2018-02-01,1,11.055608999999999,2018-02-01,100,,SH,600390,close,order_41206587,deal_32417058
2018-02-01,2,9.497637000000001,2018-02-01,100,,SH,600100,close,order_29308146,deal_64159023
2018-02-01,3,19.654416,2018-02-01,100,,SH,601688,close,order_70958642,deal_98463172
2018-02-01,4,6.841095,2018-02-01,100,,SH,601901,close,order_34629810,deal_91754036
2018-02-01,5,13.998970000000002,2018-02-01,100,,SZ,000001,close,order_26139084,deal_61294758
2018-02-01,6,4.4133700000000005,2018-02-01,100,,SZ,000425,close,order_72093615,deal_85120397
2018-02-01,7,5.612694,2018-02-01,100,,SH,600705,close,order_24851796,deal_02473915
2018-02-01,8,54.208565,2018-02-01,100,,SZ,002714,close,order_05493672,deal_47962315
2018-02-01,9,10.58622,2018-02-01,100,,SH,601611,close,order_27351608,deal_85729031
2018-02-01,10,9.068196,2018-02-01,100,,SH,600177,close,order_68145732,deal_68749130
2018-02-01,11,9.257949,2018-02-01,100,,SH,600489,close,order_24569170,deal_03897425
2018-02-01,12,11.492735,2018-02-01,100,,SZ,000402,close,order_76203148,deal_36495702
2018-02-01,13,12.451295,2018-02-01,100,,SZ,002024,close,order_24618593,deal_98021764
2018-02-01,14,15.040422000000001,2018-02-01,100,,SH,601878,close,order_57148269,deal_98605217
2018-02-01,15,59.241005000000015,2018-02-01,100,,SZ,000333,close,order_57839640,deal_29064785
2018-02-01,16,10.016960999999998,2018-02-01,100,,SH,600376,close,order_32405819,deal_42087365
2018-02-01,17,6.321771,2018-02-01,100,,SH,601727,close,order_83496210,deal_46251708
2018-02-01,18,6.821121000000001,2018-02-01,100,,SH,600704,close,order_23586704,deal_87564210
2018-02-01,19,7.430328,2018-02-01,100,,SH,603993,close,order_32970485,deal_31469720
2018-02-01,20,5.672616000000001,2018-02-01,100,,SH,600415,close,order_78592106,deal_16702548
2018-02-01,21,3.29571,2018-02-01,100,,SH,601099,close,order_06831529,deal_41306972
2018-02-01,22,24.018734999999996,2018-02-01,100,,SH,600893,close,order_80216739,deal_95382741
2018-02-01,23,5.343045,2018-02-01,100,,SH,601018,close,order_17320465,deal_89364205
2018-02-01,24,3.046035,2018-02-01,100,,SH,600795,close,order_39610542,deal_57194238
2018-02-01,25,9.277923000000001,2018-02-01,100,,SH,600109,close,order_40321796,deal_21948537
2018-02-01,26,37.433765,2018-02-01,100,,SZ,000002,close,order_31849056,deal_87549216
2018-02-01,27,15.789447000000001,2018-02-01,100,,SH,600373,close,order_06438251,deal_35420189
2018-02-01,28,12.531175000000001,2018-02-01,100,,SZ,000625,close,order_45870921,deal_52931046
2018-02-01,29,21.392154,2018-02-01,100,,SH,600690,close,order_08314279,deal_02394157
2018-02-01,30,17.327444999999997,2018-02-01,100,,SH,600739,close,order_76408132,deal_70963184
2018-02-01,31,17.107731,2018-02-01,100,,SH,600406,close,order_85491327,deal_90381567
2018-02-01,32,3.9548520000000007,2018-02-01,100,,SH,601991,close,order_58260713,deal_09278546
2018-02-01,33,9.16623,2018-02-01,100,,SZ,002797,close,order_47286195,deal_12603984
2018-02-01,34,4.782815,2018-02-01,100,,SZ,000750,close,order_05794132,deal_08729513
2018-02-01,35,30.16074,2018-02-01,100,,SH,600547,close,order_43571896,deal_59613408
2018-02-01,36,10.554145,2018-02-01,100,,SZ,000728,close,order_90542781,deal_31059486
2018-02-01,37,8.627040000000001,2018-02-01,100,,SZ,000338,close,order_14536709,deal_65901832
2018-02-01,38,33.226749000000005,2018-02-01,100,,SH,600682,close,order_73091856,deal_09843562
2018-02-01,39,9.447702000000001,2018-02-01,100,,SH,601555,close,order_29436510,deal_95740283
2018-02-01,40,16.934559999999998,2018-02-01,100,,SZ,002202,close,order_59368210,deal_69837512
2018-02-02,0,8.5871,2018-02-02,100,,SZ,000686,close,order_81436792,deal_04758639
2018-02-02,1,33.496398,2018-02-02,100,,SH,600085,close,order_08673512,deal_35072164
2018-02-02,2,5.35196,2018-02-02,100,,SZ,000166,close,order_07156298,deal_08367249
2018-02-02,3,2.4867630000000003,2018-02-02,100,,SH,600010,close,order_18462350,deal_28905164
2018-02-02,4,15.55663,2018-02-02,100,,SZ,002081,close,order_58314276,deal_39864570
2018-02-02,5,11.562630000000002,2018-02-02,100,,SZ,002736,close,order_57386942,deal_31056429
2018-02-02,6,6.701277,2018-02-02,100,,SH,601375,close,order_18645903,deal_06937452
2018-02-02,7,7.1407050000000005,2018-02-02,100,,SH,601117,close,order_03742195,deal_19674250
2018-02-02,8,7.059395,2018-02-02,100,,SZ,000961,close,order_07135286,deal_34756910
2018-02-02,9,12.10182,2018-02-02,100,,SZ,002673,close,order_32659478,deal_29531807
2018-02-02,10,3.3656190000000006,2018-02-02,100,,SH,601866,close,order_51263409,deal_95281364
2018-02-02,11,22.316475,2018-02-02,100,,SZ,000623,close,order_36421907,deal_90725186
2018-02-02,12,6.431628000000001,2018-02-02,100,,SH,601212,close,order_01372958,deal_61509382
2018-02-02,13,74.173449,2018-02-02,100,,SH,600276,close,order_64581230,deal_34820619
2018-02-02,14,4.683903000000001,2018-02-02,100,,SH,600369,close,order_35290648,deal_10529683
2018-02-02,15,7.938075,2018-02-02,100,,SZ,000783,close,order_53764190,deal_75034621
2018-02-02,16,22.755815000000002,2018-02-02,100,,SZ,002044,close,order_39758124,deal_35016279
2018-02-02,17,72.515607,2018-02-02,100,,SH,600436,close,order_38249510,deal_06581429
2018-02-02,18,34.44825,2018-02-02,100,,SZ,300015,close,order_89340526,deal_79450813
2018-02-02,19,8.568846,2018-02-02,100,,SH,601390,close,order_42893065,deal_38076129
2018-02-02,20,12.343932,2018-02-02,100,,SH,601633,close,order_42903517,deal_94067315
2018-02-02,21,9.717351,2018-02-02,100,,SH,601006,close,order_36817592,deal_87316950
2018-02-02,22,64.34334000000001,2018-02-02,100,,SZ,000423,close,order_12978534,deal_04698135
2018-02-02,23,8.956545000000002,2018-02-02,100,,SZ,002500,close,order_68573021,deal_02849635
2018-02-02,24,5.852382,2018-02-02,100,,SH,601228,close,order_74358096,deal_74308956
2018-02-02,25,13.172853,2018-02-02,100,,SH,600061,close,order_03672945,deal_79126348
2018-02-02,26,7.630068,2018-02-02,100,,SH,600909,close,order_91632478,deal_28419305
2018-02-05,0,5.003487,2018-02-05,100,,SH,600208,close,order_68421793,deal_35804169
2018-02-05,1,36.400917,2018-02-05,100,,SH,601021,open,order_35401269,deal_73684251
2018-02-05,2,6.699935,2018-02-05,100,,SZ,002385,close,order_17028546,deal_53948127
2018-02-05,3,6.072096,2018-02-05,100,,SH,600011,close,order_96054287,deal_62173489
2018-02-05,4,7.630068,2018-02-05,100,,SH,601377,close,order_73985106,deal_13208654
2018-02-05,5,11.572615,2018-02-05,100,,SZ,300017,close,order_59802347,deal_41098635
2018-02-05,6,4.103835000000001,2018-02-05,100,,SZ,000709,close,order_50627489,deal_14358920
2018-02-05,7,13.742111999999999,2018-02-05,100,,SH,600837,close,order_59048673,deal_31709586
2018-02-05,8,43.092924000000004,2018-02-05,100,,SH,601601,open,order_74953182,deal_57982436
2018-02-05,9,25.367608000000004,2018-02-05,100,,SH,601877,open,order_70924386,deal_65317489
2018-02-05,10,48.01749600000001,2018-02-05,100,,SH,600570,close,order_91307628,deal_48276519
2018-02-05,11,6.052122000000001,2018-02-05,100,,SH,601989,close,order_62453180,deal_51924387
2018-02-05,12,5.542785,2018-02-05,100,,SH,601118,close,order_19765238,deal_89170265
2018-02-05,13,31.969587999999998,2018-02-05,100,,SH,601628,open,order_92851473,deal_03257641
2018-02-05,14,13.263978,2018-02-05,100,,SH,600352,open,order_35180267,deal_25716390
2018-02-06,0,6.4815629999999995,2018-02-06,100,,SH,601919,close,order_62750491,deal_23408915
2018-02-06,1,21.947029999999994,2018-02-06,100,,SZ,002174,close,order_24917503,deal_53276418
2018-02-06,2,17.443795,2018-02-06,100,,SZ,300024,close,order_02387459,deal_50719684
2018-02-06,3,10.566246000000001,2018-02-06,100,,SH,601881,close,order_46271395,deal_24089315
2018-02-06,4,34.634916000000004,2018-02-06,100,,SH,601021,close,order_60742183,deal_56189430
2018-02-06,5,16.30489,2018-02-06,100,,SH,600900,open,order_39648012,deal_26591870
2018-02-06,6,14.014203,2018-02-06,100,,SZ,000001,open,order_15624873,deal_98170465
2018-02-06,7,14.610981000000002,2018-02-06,100,,SH,601198,close,order_14827603,deal_98564037
2018-02-06,8,17.63351,2018-02-06,100,,SZ,300144,close,order_04935782,deal_45731026
2018-02-06,9,6.042135000000001,2018-02-06,100,,SH,601898,close,order_28357610,deal_04923576
2018-02-06,10,33.939015000000005,2018-02-06,100,,SZ,300072,close,order_14395270,deal_51680723
2018-02-06,11,10.016960999999998,2018-02-06,100,,SH,601933,close,order_07852963,deal_28695437
2018-02-06,12,24.433295,2018-02-06,100,,SZ,300003,close,order_81267043,deal_37201856
2018-02-06,13,33.29665800000001,2018-02-06,100,,SH,601012,close,order_43268150,deal_54279681
2018-02-06,14,50.713815000000004,2018-02-06,100,,SZ,300033,close,order_62384570,deal_97418326
2018-02-06,15,5.9910000000000005,2018-02-06,100,,SZ,300315,close,order_72951640,deal_93071645
2018-02-06,16,12.333699,2018-02-06,100,,SH,601633,open,order_46235908,deal_90632541
2018-02-06,17,48.83663500000001,2018-02-06,100,,SZ,002508,close,order_62083954,deal_52368970
2018-02-06,18,17.87315,2018-02-06,100,,SZ,000776,close,order_60195473,deal_90724168
2018-02-06,19,6.49155,2018-02-06,100,,SH,600050,close,order_29173846,deal_94713206
2018-02-07,0,18.515898,2018-02-07,100,,SH,600999,close,order_34768012,deal_21956304
2018-02-07,1,12.890635,2018-02-07,100,,SZ,000001,close,order_87065431,deal_97458213
2018-02-07,2,22.766828,2018-02-07,100,,SZ,002475,open,order_73829406,deal_71385629
2018-02-07,3,8.06788,2018-02-07,100,,SZ,000876,close,order_48026917,deal_39182647
2018-02-07,4,13.911891,2018-02-07,100,,SH,601788,close,order_30759641,deal_04251983
2018-02-07,5,7.868180000000001,2018-02-07,100,,SZ,000671,close,order_70125649,deal_01298345
2018-02-07,6,132.787152,2018-02-07,100,,SH,603833,close,order_21943670,deal_18746932
2018-02-07,7,19.560615,2018-02-07,100,,SZ,002252,close,order_17502946,deal_79631854
2018-02-07,8,8.732619,2018-02-07,100,,SH,601390,open,order_28319657,deal_78425069
2018-02-07,9,19.514598,2018-02-07,100,,SH,600030,close,order_43095268,deal_31597048
2018-02-07,10,19.165052999999997,2018-02-07,100,,SH,601211,close,order_52890374,deal_04983176
2018-02-07,11,50.194595,2018-02-07,100,,SZ,000651,close,order_85612734,deal_08314592
2018-02-07,12,8.946560000000002,2018-02-07,100,,SZ,000069,close,order_81574039,deal_19286740
2018-02-08,0,19.715913,2018-02-08,100,,SZ,002456,open,order_58721934,deal_79380652
2018-02-08,1,33.39652800000001,2018-02-08,100,,SH,601155,close,order_70469512,deal_35178694
2018-02-08,2,36.792108000000006,2018-02-08,100,,SH,600340,close,order_79236185,deal_16240958
2018-02-08,3,7.310484,2018-02-08,100,,SH,601985,close,order_76153928,deal_08236495
2018-02-08,4,23.938839,2018-02-08,100,,SH,601877,close,order_35648917,deal_84127395
2018-02-08,5,8.339145,2018-02-08,100,,SH,601857,close,order_34782950,deal_68039741
2018-02-08,6,11.145491999999999,2018-02-08,100,,SH,601186,close,order_73829460,deal_85963714
2018-02-08,7,6.471940999999999,2018-02-08,100,,SZ,300315,open,order_92104765,deal_06294831
2018-02-08,8,13.599570000000002,2018-02-08,100,,SZ,002027,close,order_21046587,deal_68023479
2018-02-08,9,8.139405,2018-02-08,100,,SH,601390,close,order_94376185,deal_43187026
2018-02-08,10,28.702638,2018-02-08,100,,SH,601628,close,order_94078536,deal_30852769
2018-02-08,11,9.417741,2018-02-08,100,,SH,601668,close,order_08972351,deal_10687953
2018-02-08,12,11.60257,2018-02-08,100,,SZ,002146,close,order_51687324,deal_12968503
2018-02-09,0,46.709199,2018-02-09,100,,SH,601888,close,order_52170863,deal_87361094
2018-02-09,1,5.851755,2018-02-09,100,,SZ,000415,open,order_10359726,deal_37894560
2018-02-09,2,6.661329,2018-02-09,100,,SH,601398,close,order_02681543,deal_46385192
2018-02-09,3,21.058365,2018-02-09,100,,SZ,001979,close,order_85743062,deal_02374861
2018-02-09,4,5.341975,2018-02-09,100,,SZ,000959,close,order_78391602,deal_81574239
2018-02-09,5,7.982393999999999,2018-02-09,100,,SH,600959,open,order_68504937,deal_30268174
2018-02-09,6,6.361719000000001,2018-02-09,100,,SH,600028,close,order_60853279,deal_06481725
2018-02-09,7,6.132018,2018-02-09,100,,SH,600583,close,order_86059174,deal_14873259
2018-02-09,8,8.339145,2018-02-09,100,,SH,601939,close,order_86510794,deal_09175683
2018-02-09,9,8.329158,2018-02-09,100,,SH,600068,close,order_68953721,deal_64215097
2018-02-09,10,8.319171,2018-02-09,100,,SH,601225,close,order_34789126,deal_80352719
2018-02-09,11,86.88690000000001,2018-02-09,100,,SH,603799,close,order_53986421,deal_52408691
2018-02-09,12,19.81024,2018-02-09,100,,SZ,002555,close,order_16245390,deal_21637580
2018-02-09,13,14.161566,2018-02-09,100,,SH,600048,close,order_17683549,deal_54706281
2018-02-09,14,13.642242000000001,2018-02-09,100,,SH,600958,close,order_49756281,deal_87342156
2018-02-09,15,8.269236,2018-02-09,100,,SH,600016,close,order_07289461,deal_80937526
2018-02-09,16,12.890635,2018-02-09,100,,SZ,300059,close,order_37028641,deal_72638091
2018-02-09,17,31.958399999999997,2018-02-09,100,,SH,600104,close,order_15849270,deal_89647021
2018-02-09,18,2.6460250000000007,2018-02-09,100,,SZ,000630,close,order_71269530,deal_72501364
2018-02-09,19,11.345232000000001,2018-02-09,100,,SH,600926,close,order_15832607,deal_71569230
2018-02-09,20,30.66009,2018-02-09,100,,SH,600036,close,order_97584132,deal_72098435
2018-02-09,21,7.190640000000001,2018-02-09,100,,SH,601169,close,order_06829514,deal_13967254
2018-02-09,22,12.803334,2018-02-09,100,,SH,601800,close,order_41792350,deal_26143890
2018-02-09,23,10.945752,2018-02-09,100,,SH,600352,close,order_69258104,deal_38529471
2018-02-09,24,9.62554,2018-02-09,100,,SZ,000060,close,order_71386240,deal_15902673
2018-02-09,25,7.430328,2018-02-09,100,,SH,600919,close,order_60254318,deal_38205476
2018-02-12,0,6.911004,2018-02-12,100,,SH,600018,close,order_24601397,deal_69851042
2018-02-12,1,9.148092,2018-02-12,100,,SH,600015,close,order_16285704,deal_04831596
2018-02-12,2,5.821255,2018-02-12,100,,SZ,000415,close,order_96230157,deal_67954281
2018-02-12,3,4.19454,2018-02-12,100,,SH,601988,close,order_16823509,deal_12739456
2018-02-12,4,12.463776000000001,2018-02-12,100,,SH,600000,close,order_60821793,deal_78695403
2018-02-12,5,5.5727459999999995,2018-02-12,100,,SH,600023,close,order_15360284,deal_19027643
2018-02-12,6,8.858469000000001,2018-02-12,100,,SH,601009,close,order_35046179,deal_10962578
2018-02-12,7,4.074696,2018-02-12,100,,SH,601288,close,order_78153906,deal_94165320
2018-02-12,8,7.520211000000001,2018-02-12,100,,SH,600115,close,order_86297315,deal_61340257
2018-02-12,9,15.449889,2018-02-12,100,,SH,600977,close,order_85792061,deal_69730154
2018-02-12,10,9.276065000000003,2018-02-12,100,,SZ,300027,close,order_50164239,deal_79632148
2018-02-12,11,15.100344,2018-02-12,100,,SH,601229,close,order_47052136,deal_92873416
2018-02-12,12,15.350019,2018-02-12,100,,SH,600188,close,order_54039127,deal_34082159
2018-02-12,13,20.556165,2018-02-12,100,,SZ,002555,open,order_26385940,deal_85761049
2018-02-12,14,9.086350000000001,2018-02-12,100,,SZ,000983,close,order_87123459,deal_32469587
2018-02-12,15,31.369167,2018-02-12,100,,SH,600585,close,order_03756481,deal_36701958
2018-02-12,16,3.7051770000000004,2018-02-12,100,,SH,600170,close,order_09415732,deal_83950176
2018-02-12,17,26.030894999999997,2018-02-12,100,,SZ,002236,close,order_69502178,deal_27485096
2018-02-12,18,36.83205600000001,2018-02-12,100,,SH,601601,close,order_65091342,deal_21697453
2018-02-12,19,12.034335,2018-02-12,100,,SH,600153,close,order_05849271,deal_09783214
2018-02-12,20,43.363554,2018-02-12,100,,SH,600009,close,order_83026157,deal_97210836
2018-02-12,21,26.938079000000002,2018-02-12,100,,SZ,002153,open,order_89347510,deal_17980254
2018-02-12,22,6.759845,2018-02-12,100,,SZ,000898,close,order_26507813,deal_17659308
2018-02-12,23,17.597094,2018-02-12,100,,SH,601166,close,order_17530489,deal_58309427
2018-02-12,24,58.207457,2018-02-12,100,,SZ,002466,open,order_94738106,deal_56243798
2018-02-12,25,12.054309,2018-02-12,100,,SH,601633,close,order_38146072,deal_40786321
2018-02-12,26,17.696964,2018-02-12,100,,SH,600362,close,order_76249538,deal_93257064
2018-02-12,27,23.797137000000003,2018-02-12,100,,SH,600066,open,order_81473052,deal_60487231
2018-02-12,28,28.127745,2018-02-12,100,,SZ,300124,close,order_80475296,deal_79841563
2018-02-12,29,15.030435,2018-02-12,100,,SH,601997,close,order_07958423,deal_80351769
2018-02-12,30,19.221125,2018-02-12,100,,SZ,002142,close,order_13078654,deal_92137658
2018-02-12,31,4.374306000000001,2018-02-12,100,,SH,601899,close,order_35726091,deal_79513260
2018-02-12,32,11.542660000000001,2018-02-12,100,,SZ,300251,close,order_53407691,deal_58023947
2018-02-12,33,4.274436,2018-02-12,100,,SH,601818,close,order_06947152,deal_27390654
2018-02-13,0,6.79116,2018-02-13,100,,SH,601998,close,order_39485126,deal_72940365
2018-02-13,1,15.729525,2018-02-13,100,,SH,600900,close,order_97321580,deal_27654190
2018-02-13,2,7.430328,2018-02-13,100,,SH,600959,close,order_36940512,deal_94781523
2018-02-13,3,12.613581000000002,2018-02-13,100,,SH,601111,close,order_45913720,deal_46308195
2018-02-13,4,24.408227999999998,2018-02-13,100,,SH,601088,close,order_80714536,deal_87520143
2018-02-13,5,16.9745,2018-02-13,100,,SZ,002601,close,order_82475916,deal_85431027
2018-02-13,6,6.541485,2018-02-13,100,,SH,601328,close,order_03568472,deal_81769035
2018-02-14,0,66.409917,2018-02-14,100,,SZ,002460,open,order_16908423,deal_24087519
2018-02-14,1,100.03,2018-02-14,100,,SH,603799,open,order_76195824,deal_76098341
2018-02-14,2,23.937179000000004,2018-02-14,100,,SH,600703,open,order_46721839,deal_70569134
2018-02-14,3,11.275323,2018-02-14,100,,SH,600029,close,order_68419735,deal_91056243
2018-02-14,4,18.075421,2018-02-14,100,,SH,601966,open,order_01876529,deal_47938165
2018-02-14,5,29.418822999999996,2018-02-14,100,,SZ,300124,open,order_98024567,deal_26037591
2018-02-22,0,53.496044000000005,2018-02-22,100,,SH,601888,open,order_42910368,deal_62391457
2018-02-22,1,19.09132,2018-02-22,100,,SZ,002555,close,order_31075469,deal_49031576
2018-02-22,2,151.085312,2018-02-22,100,,SH,603833,open,order_89723146,deal_59018647
2018-02-23,0,36.711009999999995,2018-02-23,100,,SZ,300136,open,order_12389064,deal_19523670
2018-02-23,1,5.461638000000001,2018-02-23,100,,SZ,002426,open,order_13876549,deal_38279651
2018-02-23,2,41.00229699999999,2018-02-23,100,,SZ,002415,open,order_46097258,deal_47259036
2018-02-23,3,19.135739,2018-02-23,100,,SZ,300144,open,order_48253769,deal_48096317
2018-02-23,4,13.914172999999998,2018-02-23,100,,SH,601111,open,order_13098246,deal_07832654
2018-02-23,5,21.186354000000005,2018-02-23,100,,SH,600518,open,order_72086134,deal_13705846
2018-02-23,6,49.834946,2018-02-23,100,,SH,603858,open,order_82506317,deal_97503482
2018-02-23,7,26.527956000000003,2018-02-23,100,,SZ,002236,open,order_62194530,deal_54716820
2018-02-23,8,26.918073,2018-02-23,100,,SZ,300003,open,order_39027648,deal_52079831
2018-02-23,9,6.11082,2018-02-23,100,,SZ,300315,close,order_68905341,deal_45169208
2018-02-23,10,56.877058,2018-02-23,100,,SZ,000963,open,order_81539246,deal_57069148
2018-02-23,11,35.080521,2018-02-23,100,,SZ,300015,open,order_65201847,deal_70845691
2018-02-23,12,20.526156000000004,2018-02-23,100,,SZ,002074,open,order_08542317,deal_56048921
2018-02-23,13,12.30369,2018-02-23,100,,SH,600029,open,order_12708934,deal_83972546
2018-02-23,14,20.696207,2018-02-23,100,,SZ,002142,open,order_96520174,deal_86759342
2018-02-23,15,51.525453,2018-02-23,100,,SZ,002008,open,order_35026198,deal_18365970
2018-02-23,16,39.371808,2018-02-23,100,,SZ,002294,open,order_89061523,deal_31402876
2018-02-26,0,10.293087,2018-02-26,100,,SH,600100,open,order_35497286,deal_67598304
2018-02-26,1,16.424926000000003,2018-02-26,100,,SH,600900,open,order_89247156,deal_01582794
2018-02-26,2,12.463738,2018-02-26,100,,SH,600522,open,order_57934012,deal_23054168
2018-02-26,3,16.885064000000003,2018-02-26,100,,SH,600977,open,order_86951207,deal_21078654
2018-02-26,4,28.058415,2018-02-26,100,,SH,600498,open,order_24079568,deal_13204957
2018-02-26,5,128.828637,2018-02-26,100,,SZ,002304,open,order_41396528,deal_12780356
2018-02-26,6,42.532756,2018-02-26,100,,SH,601601,open,order_13268750,deal_79046831
2018-02-26,7,12.883863999999999,2018-02-26,100,,SH,600153,open,order_20753846,deal_30457126
2018-02-26,8,7.512252999999999,2018-02-26,100,,SZ,000898,open,order_59128406,deal_53168274
2018-02-26,9,38.521553,2018-02-26,100,,SZ,002572,open,order_04619752,deal_36917452
2018-02-26,10,74.78242800000001,2018-02-26,100,,SH,600436,open,order_13908267,deal_71025389
2018-02-26,11,18.445532,2018-02-26,100,,SZ,002601,open,order_50384921,deal_15246309
2018-02-26,12,10.143042,2018-02-26,100,,SZ,002465,open,order_41359860,deal_24618590
2018-02-26,13,67.690301,2018-02-26,100,,SZ,002841,open,order_71402659,deal_32941685
2018-02-27,0,7.492247,2018-02-27,100,,SH,600018,open,order_53047861,deal_16078253
2018-02-27,1,33.71010999999999,2018-02-27,100,,SH,600887,open,order_83947216,deal_14867209
2018-02-27,2,24.957485000000002,2018-02-27,100,,SH,600482,open,order_21496835,deal_23689751
2018-02-27,3,3.731119,2018-02-27,100,,SZ,000100,open,order_45178692,deal_01234965
2018-02-27,4,29.368808000000005,2018-02-27,100,,SZ,300122,open,order_15964038,deal_46712359
2018-02-27,5,27.058114999999997,2018-02-27,100,,SZ,000895,open,order_32769541,deal_04261539
2018-02-27,6,39.431825999999994,2018-02-27,100,,SH,600196,open,order_68713425,deal_06271954
2018-02-27,7,26.748022000000002,2018-02-27,100,,SH,600660,open,order_78425360,deal_56918023
2018-02-27,8,49.704907000000006,2018-02-27,100,,SH,600009,open,order_42180953,deal_31260489
2018-02-27,9,73.702104,2018-02-27,100,,SH,600276,open,order_14596728,deal_21095468
2018-02-27,10,34.41032,2018-02-27,100,,SH,600104,open,order_75841260,deal_95741862
2018-02-27,11,63.489041,2018-02-27,100,,SZ,002594,open,order_23167485,deal_13769458
2018-02-27,12,32.389714,2018-02-27,100,,SZ,000063,open,order_43570682,deal_87065243
2018-02-27,13,27.318193,2018-02-27,100,,SH,600741,open,order_24836957,deal_17908342
2018-02-27,14,8.242472,2018-02-27,100,,SH,603993,open,order_57802964,deal_39054716
2018-02-27,15,50.845248999999995,2018-02-27,100,,SZ,002352,open,order_67348091,deal_45962031
2018-02-27,16,738.211397,2018-02-27,100,,SH,600519,open,order_94702861,deal_37694820
2018-02-27,17,14.824446,2018-02-27,100,,SZ,002027,open,order_18425903,deal_87654910
2018-02-27,18,5.90177,2018-02-27,100,,SH,601118,open,order_47321506,deal_70435291
2018-02-27,19,12.803840000000001,2018-02-27,100,,SH,601633,open,order_70298561,deal_12685479
2018-02-27,20,31.749522,2018-02-27,100,,SZ,002624,open,order_69350847,deal_15346982
2018-02-27,21,17.485244,2018-02-27,100,,SH,600739,open,order_54068139,deal_05167423
2018-02-27,22,12.693807,2018-02-27,100,,SH,600352,open,order_16459083,deal_81567402
2018-02-27,23,16.144841999999997,2018-02-27,100,,SZ,300070,open,order_12678035,deal_94037586
2018-02-27,24,52.035606,2018-02-27,100,,SZ,000651,open,order_02159648,deal_97406582
2018-02-28,0,4.981493999999999,2018-02-28,100,,SH,600008,open,order_54713086,deal_39062784
2018-02-28,1,55.21656,2018-02-28,100,,SZ,002230,open,order_20859317,deal_06413725
2018-02-28,2,32.98989399999999,2018-02-28,100,,SZ,002558,open,order_42093781,deal_52394670
2018-02-28,3,9.482844,2018-02-28,100,,SH,600068,open,order_76815924,deal_28357061
2018-02-28,4,7.332198999999999,2018-02-28,100,,SH,600297,open,order_39216875,deal_53782160
2018-02-28,5,24.287284,2018-02-28,100,,SZ,002468,open,order_65139084,deal_14352068
2018-02-28,6,15.204559999999999,2018-02-28,100,,SZ,000738,open,order_02354178,deal_43901625
2018-02-28,7,25.047512,2018-02-28,100,,SH,600549,open,order_73209548,deal_19807653
2018-02-28,8,12.40372,2018-02-28,100,,SZ,300017,open,order_03819275,deal_53960178
2018-02-28,9,13.374011000000001,2018-02-28,100,,SH,600372,open,order_10695843,deal_43192670
2018-02-28,10,7.182154,2018-02-28,100,,SZ,000961,open,order_14280653,deal_20537498
2018-02-28,11,3.981194,2018-02-28,100,,SZ,000709,open,order_83796051,deal_23079586
2018-02-28,12,26.878061,2018-02-28,100,,SZ,002007,open,order_41503987,deal_50271936
2018-02-28,13,85.80573399999999,2018-02-28,100,,SH,603160,open,order_29107435,deal_04875196
2018-02-28,14,12.963887999999999,2018-02-28,100,,SZ,000792,open,order_84153290,deal_50241873
2018-02-28,15,25.927775999999998,2018-02-28,100,,SH,600893,open,order_52409176,deal_17462583
2018-02-28,16,23.056915,2018-02-28,100,,SZ,002044,open,order_27150634,deal_98146702
2018-02-28,17,19.315793,2018-02-28,100,,SZ,002310,open,order_16895374,deal_30215769
2018-02-28,18,6.561967999999999,2018-02-28,100,,SZ,300315,open,order_35072481,deal_59701823
2018-02-28,19,7.082124,2018-02-28,100,,SH,601958,open,order_34871069,deal_79182604
2018-02-28,20,5.40162,2018-02-28,100,,SH,601018,open,order_32785469,deal_16958237
2018-02-28,21,8.232469,2018-02-28,100,,SZ,000413,open,order_74920165,deal_14359670
2018-02-28,22,60.528153,2018-02-28,100,,SZ,000938,open,order_21368549,deal_52103978
2018-02-28,23,35.940779,2018-02-28,100,,SH,600535,open,order_79408316,deal_07415239
2018-02-28,24,51.60248000000001,2018-02-28,100,,SZ,000651,close,order_70829614,deal_46923705
2018-02-28,25,12.513753,2018-02-28,100,,SZ,300251,open,order_30928156,deal_78301425
2018-02-28,26,15.574670999999999,2018-02-28,100,,SZ,002241,open,order_25637418,deal_60392587
2018-02-28,27,5.361608,2018-02-28,100,,SH,601992,open,order_28753469,deal_51478390
2018-03-01,0,24.297287000000004,2018-03-01,100,,SZ,002174,open,order_69815307,deal_40812935
2018-03-01,1,9.977013000000001,2018-03-01,100,,SH,600019,close,order_31458967,deal_23089751
2018-03-01,2,5.711713,2018-03-01,100,,SZ,000725,open,order_53814296,deal_35280764
2018-03-01,3,7.812342999999999,2018-03-01,100,,SZ,000839,open,order_50274816,deal_52940173
2018-03-01,4,13.073921,2018-03-01,100,,SH,600111,open,order_28694715,deal_02315798
2018-03-01,5,6.271881,2018-03-01,100,,SH,600011,open,order_10296384,deal_74059218
2018-03-01,6,21.516453000000002,2018-03-01,100,,SH,600271,open,order_10582649,deal_53086791
2018-03-01,7,121.08809500000001,2018-03-01,100,,SZ,002304,close,order_72395106,deal_84395671
2018-03-01,8,12.28401,2018-03-01,100,,SH,600153,close,order_98165327,deal_45720319
2018-03-01,9,50.445128999999994,2018-03-01,100,,SH,600570,open,order_25903846,deal_28164530
2018-03-01,10,8.662598,2018-03-01,100,,SZ,002065,open,order_37519824,deal_26794158
2018-03-01,11,40.322092999999995,2018-03-01,100,,SH,600038,open,order_02139458,deal_18490325
2018-03-01,12,16.534959,2018-03-01,100,,SH,600373,open,order_90284716,deal_31709642
2018-03-01,13,15.714713,2018-03-01,100,,SH,600233,open,order_93054618,deal_84253607
2018-03-01,14,5.861758,2018-03-01,100,,SH,601228,open,order_68179342,deal_12934856
2018-03-01,15,29.178751,2018-03-01,100,,SZ,000826,open,order_69421308,deal_27506431
2018-03-01,16,17.765328,2018-03-01,100,,SZ,002202,open,order_52306941,deal_04896521
2018-03-02,0,12.033608999999998,2018-03-02,100,,SZ,002292,open,order_85629407,deal_82706145
2018-03-02,1,18.855655000000002,2018-03-02,100,,SZ,300024,open,order_69240531,deal_76320518
2018-03-02,2,33.259975,2018-03-02,100,,SZ,002602,open,order_62950473,deal_05986471
2018-03-02,3,17.895367,2018-03-02,100,,SH,601163,open,order_76093214,deal_62510937
2018-03-02,4,3.3910169999999993,2018-03-02,100,,SH,600219,open,order_17964280,deal_81243796
2018-03-02,5,26.117833000000005,2018-03-02,100,,SZ,002411,open,order_02931476,deal_10852937
2018-03-02,6,56.727013,2018-03-02,100,,SZ,002831,open,order_51690432,deal_98150367
2018-03-02,7,9.842952,2018-03-02,100,,SZ,300027,open,order_62579301,deal_91452637
2018-03-02,8,12.743822,2018-03-02,100,,SZ,002024,open,order_01682943,deal_23806974
2018-03-02,9,20.796237000000005,2018-03-02,100,,SZ,002555,open,order_27431609,deal_46987251
2018-03-02,10,3.8342400000000008,2018-03-02,100,,SZ,000709,close,order_14629807,deal_02391786
2018-03-02,11,7.212162999999999,2018-03-02,100,,SH,601669,open,order_26087495,deal_69340251
2018-03-02,12,15.224566,2018-03-02,100,,SZ,000768,open,order_49826735,deal_54163098
2018-03-02,13,35.790734,2018-03-02,100,,SH,601012,open,order_01298764,deal_62371480
2018-03-02,14,6.899635000000001,2018-03-02,100,,SZ,000898,close,order_84597321,deal_54761398
2018-03-02,15,7.50225,2018-03-02,100,,SZ,000627,open,order_91245386,deal_02637415
2018-03-02,16,9.812943,2018-03-02,100,,SZ,002839,open,order_03269417,deal_51726098
2018-03-02,17,13.60408,2018-03-02,100,,SH,601800,open,order_87120643,deal_75946230
2018-03-02,18,19.335799,2018-03-02,100,,SH,600663,open,order_46932578,deal_48109723
2018-03-02,19,13.083924,2018-03-02,100,,SH,600895,open,order_47386921,deal_56748032
2018-03-02,20,35.920773,2018-03-02,100,,SZ,000503,open,order_48521067,deal_95310468
2018-03-02,21,9.062718,2018-03-02,100,,SZ,000559,open,order_67280915,deal_72508493
2018-03-05,0,8.042411999999999,2018-03-05,100,,SH,600021,open,order_08542637,deal_96085341
2018-03-05,1,16.0048,2018-03-05,100,,SH,600637,open,order_04192586,deal_78063952
2018-03-05,2,32.32791900000001,2018-03-05,100,,SH,600887,close,order_23815704,deal_34590716
2018-03-05,3,10.773231000000001,2018-03-05,100,,SH,600390,open,order_29653410,deal_62817549
2018-03-05,4,12.823845999999998,2018-03-05,100,,SH,600816,open,order_46712583,deal_26480591
2018-03-05,5,7.190640000000001,2018-03-05,100,,SH,601669,close,order_18309742,deal_93568742
2018-03-05,6,25.816395000000004,2018-03-05,100,,SH,600660,close,order_50261348,deal_27046139
2018-03-05,7,9.312793,2018-03-05,100,,SZ,002608,open,order_75948216,deal_18532697
2018-03-05,8,38.959287,2018-03-05,100,,SH,601601,close,order_19703642,deal_70839162
2018-03-05,9,4.851454999999999,2018-03-05,100,,SH,601333,open,order_43678902,deal_42198576
2018-03-05,10,21.736518999999998,2018-03-05,100,,SH,600118,open,order_65918732,deal_58710643
2018-03-05,11,35.776255000000006,2018-03-05,100,,SZ,002572,close,order_07839425,deal_56832409
2018-03-05,12,4.0712209999999995,2018-03-05,100,,SH,601872,open,order_67523041,deal_20459817
2018-03-05,13,11.355219,2018-03-05,100,,SH,600029,close,order_61348527,deal_20768943
2018-03-05,14,16.524956000000003,2018-03-05,100,,SH,600406,open,order_47216908,deal_32071658
2018-03-05,15,19.660465,2018-03-05,100,,SZ,002142,close,order_82179043,deal_42751809
2018-03-06,0,9.372810999999999,2018-03-06,100,,SH,600674,open,order_42376901,deal_51403276
2018-03-06,1,3.6310890000000002,2018-03-06,100,,SH,601608,open,order_28930475,deal_91768452
2018-03-06,2,9.542862,2018-03-06,100,,SH,601611,open,order_61897023,deal_17802439
2018-03-06,3,6.1418420000000005,2018-03-06,100,,SH,601212,open,order_78316429,deal_38416759
2018-03-06,4,98.699601,2018-03-06,100,,SZ,000538,open,order_40978521,deal_83507126
2018-03-06,5,6.7420219999999995,2018-03-06,100,,SH,600704,open,order_04153697,deal_02957618
2018-03-06,6,51.485441,2018-03-06,100,,SZ,300033,open,order_39172056,deal_78342691
2018-03-06,7,8.472541000000001,2018-03-06,100,,SZ,002470,open,order_23687150,deal_23468759
2018-03-06,8,140.41722000000001,2018-03-06,100,,SH,603833,close,order_93780615,deal_32106759
2018-03-06,9,13.831995,2018-03-06,100,,SH,601800,close,order_97613024,deal_28950746
2018-03-06,10,3.110933,2018-03-06,100,,SH,600795,open,order_56834719,deal_62815903
2018-03-06,11,7.10213,2018-03-06,100,,SH,600886,open,order_30261748,deal_71853264
2018-03-06,12,3.921176,2018-03-06,100,,SH,601991,open,order_47603219,deal_53178690
2018-03-06,13,5.471641,2018-03-06,100,,SH,601718,open,order_52769108,deal_28916570
2018-03-06,14,7.572270999999998,2018-03-06,100,,SH,600909,open,order_45068312,deal_04263879
2018-03-06,15,26.417923000000002,2018-03-06,100,,SH,600332,open,order_83579246,deal_35716029
2018-03-07,0,38.31148999999999,2018-03-07,100,,SH,601155,open,order_40927683,deal_54189706
2018-03-07,1,2.3006899999999995,2018-03-07,100,,SH,600871,open,order_27159843,deal_54186230
2018-03-07,2,10.933279,2018-03-07,100,,SZ,002736,open,order_06249318,deal_56043812
2018-03-07,3,12.973113000000001,2018-03-07,100,,SH,601111,close,order_26841579,deal_20918453
2018-03-07,4,9.022706,2018-03-07,100,,SH,600089,open,order_15789230,deal_53942086
2018-03-07,5,7.040835,2018-03-07,100,,SH,600297,close,order_46053281,deal_96473801
2018-03-07,6,56.286880999999994,2018-03-07,100,,SZ,000333,open,order_15643079,deal_79018654
2018-03-07,7,4.5513650000000005,2018-03-07,100,,SH,600369,open,order_64985213,deal_57120963
2018-03-07,8,6.001799999999999,2018-03-07,100,,SH,601727,open,order_09547368,deal_85263409
2018-03-07,9,13.013903,2018-03-07,100,,SZ,002424,open,order_03827495,deal_47031852
2018-03-07,10,5.451635,2018-03-07,100,,SH,600415,open,order_96087324,deal_75380694
2018-03-07,11,19.795937000000002,2018-03-07,100,,SZ,002450,open,order_38576920,deal_78630915
2018-03-07,12,138.72160399999996,2018-03-07,100,,SH,603833,open,order_16238974,deal_16732984
2018-03-07,13,7.662298,2018-03-07,100,,SH,600820,open,order_12068795,deal_61235894
2018-03-07,14,8.632588999999998,2018-03-07,100,,SZ,002797,open,order_84129536,deal_09817432
2018-03-07,15,33.299987,2018-03-07,100,,SH,600682,open,order_41809653,deal_58234196
2018-03-08,0,33.620083,2018-03-08,100,,SH,600085,open,order_40871395,deal_29401875
2018-03-08,1,4.4613380000000005,2018-03-08,100,,SH,600208,open,order_97012843,deal_58709364
2018-03-08,2,14.014203,2018-03-08,100,,SH,601198,open,order_93714625,deal_59032741
2018-03-08,3,4.361307999999999,2018-03-08,100,,SZ,000425,open,order_15987406,deal_96057124
2018-03-08,4,23.216963,2018-03-08,100,,SH,601607,open,order_40283165,deal_50937428
2018-03-08,5,7.392217,2018-03-08,100,,SH,600297,open,order_07938542,deal_84761905
2018-03-08,6,9.525690000000003,2018-03-08,100,,SZ,300027,close,order_18263495,deal_05237869
2018-03-08,7,4.331299,2018-03-08,100,,SZ,000157,open,order_82143790,deal_42305816
2018-03-08,8,6.461938,2018-03-08,100,,SH,601375,open,order_79158423,deal_86079513
2018-03-08,9,13.584074000000001,2018-03-08,100,,SH,601878,open,order_04721659,deal_41935870
2018-03-08,10,8.912673,2018-03-08,100,,SZ,000671,open,order_01685234,deal_48192063
2018-03-08,11,13.60408,2018-03-08,100,,SH,601800,open,order_06524981,deal_06278549
2018-03-08,12,20.436129,2018-03-08,100,,SH,600690,open,order_75031694,deal_12935684
2018-03-09,0,8.162448,2018-03-09,100,,SZ,000686,open,order_72950348,deal_59416738
2018-03-09,1,6.471940999999999,2018-03-09,100,,SH,601919,open,order_64598710,deal_90361847
2018-03-09,2,17.945382000000002,2018-03-09,100,,SH,601688,open,order_89746130,deal_78059623
2018-03-09,3,5.741721999999999,2018-03-09,100,,SH,600023,open,order_26798045,deal_58019347
2018-03-09,4,34.24026899999999,2018-03-09,100,,SZ,300072,open,order_52403817,deal_18903456
2018-03-09,5,9.882963999999998,2018-03-09,100,,SZ,300027,open,order_65817903,deal_38609542
2018-03-09,6,10.323096,2018-03-09,100,,SH,601933,open,order_86945201,deal_15268973
2018-03-09,7,3.230969,2018-03-09,100,,SH,601866,open,order_43821576,deal_95631482
2018-03-09,8,26.637989,2018-03-09,100,,SH,600660,open,order_94051238,deal_19637524
2018-03-09,9,21.356405,2018-03-09,100,,SZ,000623,open,order_94083276,deal_85123096
2018-03-09,10,11.833549,2018-03-09,100,,SH,600827,open,order_27569418,deal_17904823
2018-03-09,11,15.0045,2018-03-09,100,,SZ,300059,open,order_86105397,deal_90576834
2018-03-09,12,8.662598,2018-03-09,100,,SH,600109,open,order_85264079,deal_82760143
2018-03-09,13,19.555864999999997,2018-03-09,100,,SZ,002252,open,order_63490287,deal_65091287
2018-03-09,14,70.92127,2018-03-09,100,,SH,601318,open,order_31549206,deal_03785964
2018-03-09,15,8.032409,2018-03-09,100,,SZ,002500,open,order_41562783,deal_16835479
2018-03-12,0,10.563168000000001,2018-03-12,100,,SH,601881,open,order_48092137,deal_17682935
2018-03-12,1,17.815343000000002,2018-03-12,100,,SH,600999,open,order_35028974,deal_82617043
2018-03-12,2,76.182848,2018-03-12,100,,SZ,000858,open,order_71642058,deal_40297586
2018-03-12,3,22.056614999999997,2018-03-12,100,,SZ,001979,open,order_24873165,deal_40971863
2018-03-12,4,34.280280999999995,2018-03-12,100,,SH,601021,open,order_96283047,deal_53764198
2018-03-12,5,6.631989,2018-03-12,100,,SH,601901,open,order_86502471,deal_36718425
2018-03-12,6,36.140839,2018-03-12,100,,SH,600340,open,order_67081395,deal_40856139
2018-03-12,7,5.661698,2018-03-12,100,,SZ,000959,open,order_85462709,deal_81046732
2018-03-12,8,5.751725,2018-03-12,100,,SH,601898,open,order_36527148,deal_60458271
2018-03-12,9,9.032708999999999,2018-03-12,100,,SH,600177,open,order_35016942,deal_81549623
2018-03-12,10,10.393117,2018-03-12,100,,SZ,000402,open,order_84065721,deal_71948063
2018-03-12,11,7.012103,2018-03-12,100,,SH,601377,open,order_83046291,deal_90321864
2018-03-12,12,3.881164,2018-03-12,100,,SH,600170,open,order_45678930,deal_62480195
2018-03-12,13,7.722315999999999,2018-03-12,100,,SH,600606,open,order_41309275,deal_03169845
2018-03-12,14,14.584374,2018-03-12,100,,SH,600048,open,order_29478301,deal_95368142
2018-03-12,15,12.773831,2018-03-12,100,,SH,600153,open,order_52413976,deal_17932586
2018-03-12,16,7.282183999999998,2018-03-12,100,,SH,601985,open,order_65741039,deal_79186504
2018-03-12,17,26.377910999999997,2018-03-12,100,,SH,601877,open,order_20754896,deal_19658372
2018-03-12,18,9.242772,2018-03-12,100,,SH,600376,open,order_08256731,deal_82104695
2018-03-12,19,13.323996,2018-03-12,100,,SH,601788,open,order_20849756,deal_70354182
2018-03-12,20,7.672301,2018-03-12,100,,SZ,000783,open,order_20937645,deal_26894173
2018-03-12,21,3.120935999999999,2018-03-12,100,,SH,601099,open,order_10932687,deal_38150427
2018-03-12,22,13.784134,2018-03-12,100,,SH,600804,open,order_95328146,deal_53764901
2018-03-12,23,32.63978899999999,2018-03-12,100,,SZ,000002,open,order_09157842,deal_53264189
2018-03-12,24,19.315793,2018-03-12,100,,SH,600030,open,order_25706419,deal_61854709
2018-03-12,25,12.133639,2018-03-12,100,,SZ,000625,open,order_46981027,deal_71862945
2018-03-12,26,8.622585999999998,2018-03-12,100,,SH,600649,open,order_05762391,deal_59306712
2018-03-12,27,19.945982,2018-03-12,100,,SZ,002142,open,order_89473012,deal_36578102
2018-03-12,28,4.821445999999999,2018-03-12,100,,SH,601899,open,order_94801275,deal_09736842
2018-03-12,29,18.465538,2018-03-12,100,,SH,601211,open,order_32148795,deal_73902648
2018-03-12,30,53.31599,2018-03-12,100,,SZ,000651,open,order_82354967,deal_82701536
2018-03-12,31,8.742622,2018-03-12,100,,SZ,000069,open,order_80127946,deal_68790421
2018-03-12,32,4.691406999999999,2018-03-12,100,,SZ,000750,open,order_52714803,deal_53471068
2018-03-12,33,27.198157000000002,2018-03-12,100,,SH,600547,open,order_21634708,deal_07431869
2018-03-12,34,10.923276000000001,2018-03-12,100,,SZ,002146,open,order_97621843,deal_63419508
2018-03-12,35,17.245172000000004,2018-03-12,100,,SZ,000776,open,order_14073928,deal_49531276
2018-03-12,36,9.812943,2018-03-12,100,,SZ,000728,open,order_76893542,deal_14873625
2018-03-12,37,8.552564999999998,2018-03-12,100,,SZ,000338,open,order_94378602,deal_08697134
2018-03-12,38,10.723216,2018-03-12,100,,SH,601766,open,order_07418925,deal_87362491
2018-03-12,39,8.832649,2018-03-12,100,,SH,601555,open,order_89675142,deal_39174825
2018-03-12,40,12.673801,2018-03-12,100,,SH,600061,open,order_81439026,deal_71569428
2018-03-13,0,8.332499,2018-03-13,100,,SH,600031,open,order_98532014,deal_92086745
2018-03-13,1,5.051515,2018-03-13,100,,SZ,000166,open,order_05297146,deal_74263581
2018-03-13,2,21.687420000000003,2018-03-13,100,,SZ,001979,close,order_40682579,deal_80794532
2018-03-13,3,58.067415000000004,2018-03-13,100,,SZ,000568,open,order_30241587,deal_80349761
2018-03-13,4,6.271881,2018-03-13,100,,SZ,002385,open,order_29486317,deal_65720918
2018-03-13,5,7.812342999999999,2018-03-13,100,,SH,600959,open,order_83412650,deal_49170583
2018-03-13,6,5.511653,2018-03-13,100,,SH,600705,open,order_04526189,deal_50984613
2018-03-13,7,8.938365000000001,2018-03-13,100,,SH,600177,close,order_63754291,deal_90873251
2018-03-13,8,8.882663999999998,2018-03-13,100,,SH,600489,open,order_80542137,deal_95237806
2018-03-13,9,7.192157,2018-03-13,100,,SH,601117,open,order_17946583,deal_15874962
2018-03-13,10,14.501123999999999,2018-03-13,100,,SH,600048,close,order_56718942,deal_94532107
2018-03-13,11,12.213662999999999,2018-03-13,100,,SH,600837,open,order_73286940,deal_93210648
2018-03-13,12,7.692307,2018-03-13,100,,SZ,000876,open,order_70596814,deal_85470321
2018-03-13,13,13.564067999999999,2018-03-13,100,,SH,600958,open,order_41238960,deal_93426150
2018-03-13,14,709.4165580000001,2018-03-13,100,,SH,600519,close,order_46730952,deal_21783460
2018-03-13,15,27.0081,2018-03-13,100,,SH,601628,open,order_85692037,deal_07614539
2018-03-14,0,35.543733,2018-03-14,100,,SH,600340,close,order_03715629,deal_38162095
2018-03-14,1,6.001799999999999,2018-03-14,100,,SH,600688,open,order_43768201,deal_73182609
2018-03-14,2,34.220263,2018-03-14,100,,SH,600585,open,order_05239471,deal_45367219
2018-03-14,3,10.523155999999998,2018-03-14,100,,SZ,002673,open,order_05318627,deal_32061954
2018-03-14,4,2.7608279999999996,2018-03-14,100,,SZ,000630,open,order_09457618,deal_56283071
2018-03-14,5,11.683504000000001,2018-03-14,100,,SH,600926,open,order_75608129,deal_81076923
2018-03-14,6,5.5316589999999985,2018-03-14,100,,SH,601989,open,order_58237046,deal_07986524
2018-03-14,7,30.409119999999998,2018-03-14,100,,SH,600036,open,order_04763598,deal_68719523
2018-03-14,8,727.108067,2018-03-14,100,,SH,600519,open,order_62740185,deal_07924836
2018-03-14,9,19.660465,2018-03-14,100,,SZ,002142,close,order_14895036,deal_81326470
2018-03-14,10,7.512252999999999,2018-03-14,100,,SH,600919,open,order_38052791,deal_61804932
2018-03-15,0,2.2506749999999998,2018-03-15,100,,SH,600074,open,order_25987064,deal_80743629
2018-03-15,1,5.501735,2018-03-15,100,,SZ,000959,close,order_49217865,deal_56934172
2018-03-15,2,48.97468799999999,2018-03-15,100,,SZ,002714,open,order_64729015,deal_41630952
2018-03-15,3,6.501949999999999,2018-03-15,100,,SH,600583,open,order_65803421,deal_19635024
2018-03-15,4,9.252775,2018-03-15,100,,SZ,000983,open,order_87051934,deal_21973408
2018-03-15,5,30.470337,2018-03-15,100,,SH,600036,close,order_05123478,deal_26578340
2018-03-15,6,32.601025,2018-03-15,100,,SZ,000002,close,order_14275960,deal_49182576
2018-03-15,7,18.415522999999997,2018-03-15,100,,SH,600362,open,order_21946587,deal_97205386
2018-03-15,8,9.972991,2018-03-15,100,,SZ,000060,open,order_21054863,deal_23590674
2018-03-15,9,10.653995,2018-03-15,100,,SZ,002146,close,order_75048962,deal_64517329
2018-03-16,0,8.249262,2018-03-16,100,,SH,600031,close,order_94150632,deal_50491678
2018-03-16,1,24.058683000000002,2018-03-16,100,,SH,600482,close,order_48192605,deal_15963427
2018-03-16,2,5.361945,2018-03-16,100,,SZ,002426,close,order_20968541,deal_34589620
2018-03-16,3,6.100835000000001,2018-03-16,100,,SZ,002385,close,order_85697142,deal_52180796
2018-03-16,4,4.133790000000001,2018-03-16,100,,SZ,000425,close,order_14305796,deal_85421093
2018-03-16,5,10.174715,2018-03-16,100,,SZ,000402,close,order_69108423,deal_83651942
2018-03-16,6,9.056395,2018-03-16,100,,SZ,000983,close,order_40531762,deal_04897652
2018-03-16,7,7.1107439999999995,2018-03-16,100,,SH,601985,close,order_19034782,deal_65829371
2018-03-16,8,2.7159200000000006,2018-03-16,100,,SZ,000630,close,order_74392806,deal_29704315
2018-03-16,9,8.938365000000001,2018-03-16,100,,SH,600376,close,order_75324680,deal_62935807
2018-03-16,10,12.773373000000001,2018-03-16,100,,SH,601788,close,order_36498501,deal_96032845
2018-03-16,11,11.544972,2018-03-16,100,,SH,600926,close,order_12780653,deal_49206831
2018-03-16,12,5.462889000000001,2018-03-16,100,,SH,601989,close,order_63805497,deal_76194825
2018-03-16,13,8.826740000000001,2018-03-16,100,,SZ,002839,close,order_26973015,deal_72461089
2018-03-16,14,145.520577,2018-03-16,100,,SH,603833,close,order_93568124,deal_79264513
2018-03-16,15,12.913191,2018-03-16,100,,SH,601800,close,order_96078253,deal_25017849
2018-03-16,16,12.254049,2018-03-16,100,,SH,601633,close,order_24873061,deal_25409718
2018-03-16,17,17.946639,2018-03-16,100,,SH,600362,close,order_87459206,deal_89547310
2018-03-16,18,26.894991,2018-03-16,100,,SH,601628,close,order_32789405,deal_92431705
2018-03-16,19,11.764686000000001,2018-03-16,100,,SH,600352,close,order_69214507,deal_60918435
2018-03-16,20,9.875165,2018-03-16,100,,SZ,000060,close,order_40387612,deal_40897132
2018-03-16,21,7.400367,2018-03-16,100,,SH,600919,close,order_15769304,deal_13472958
2018-03-19,0,7.220601,2018-03-19,100,,SH,600018,close,order_03275864,deal_58214307
2018-03-19,1,10.546272000000002,2018-03-19,100,,SH,600390,close,order_45193708,deal_74516829
2018-03-19,2,9.996987,2018-03-19,100,,SH,601881,close,order_70185329,deal_24781305
2018-03-19,3,5.022455000000001,2018-03-19,100,,SZ,000166,close,order_87193056,deal_75841906
2018-03-19,4,32.727399000000005,2018-03-19,100,,SH,601021,close,order_61734582,deal_45097123
2018-03-19,5,6.381693,2018-03-19,100,,SH,601901,close,order_36024157,deal_89076453
2018-03-19,6,47.26899,2018-03-19,100,,SZ,002714,close,order_10496785,deal_54631809
2018-03-19,7,6.60198,2018-03-19,100,,SH,600028,open,order_03461589,deal_51067438
2018-03-19,8,6.361719000000001,2018-03-19,100,,SH,600583,close,order_93156872,deal_62813509
2018-03-19,9,5.442915,2018-03-19,100,,SH,601898,close,order_64580913,deal_51794326
2018-03-19,10,32.141715000000005,2018-03-19,100,,SZ,002558,close,order_29175648,deal_98305261
2018-03-19,11,8.968326000000001,2018-03-19,100,,SH,600068,close,order_61823497,deal_70354286
2018-03-19,12,4.243625,2018-03-19,100,,SZ,000157,close,order_35601749,deal_27816495
2018-03-19,13,6.781173,2018-03-19,100,,SH,601377,close,order_47306852,deal_70216835
2018-03-19,14,11.974413,2018-03-19,100,,SH,600837,close,order_56972304,deal_86735924
2018-03-19,15,7.4388250000000005,2018-03-19,100,,SZ,000876,close,order_89137542,deal_03697548
2018-03-19,16,27.069335000000002,2018-03-19,100,,SZ,002236,close,order_79215304,deal_89013647
2018-03-19,17,20.629010000000005,2018-03-19,100,,SZ,000623,close,order_50631498,deal_98726453
2018-03-19,18,42.062614999999994,2018-03-19,100,,SH,601601,open,order_17320569,deal_38415697
2018-03-19,19,13.212800999999999,2018-03-19,100,,SH,600958,close,order_16052849,deal_67401239
2018-03-19,20,12.164166,2018-03-19,100,,SH,600153,close,order_58240693,deal_51087943
2018-03-19,21,27.408825,2018-03-19,100,,SZ,002153,close,order_34701862,deal_53426978
2018-03-19,22,8.057895,2018-03-19,100,,SZ,000671,close,order_02847951,deal_98730465
2018-03-19,23,7.2890500000000005,2018-03-19,100,,SZ,000783,close,order_37840921,deal_61924087
2018-03-19,24,3.046035,2018-03-19,100,,SH,601099,close,order_63017985,deal_94281563
2018-03-19,25,13.849195,2018-03-19,100,,SZ,002027,close,order_39850467,deal_52847963
2018-03-19,26,30.673920000000003,2018-03-19,100,,SZ,002624,close,order_57286149,deal_73956218
2018-03-19,27,23.239749000000003,2018-03-19,100,,SH,600066,close,order_32849517,deal_32659084
2018-03-19,28,17.457276,2018-03-19,100,,SH,600739,close,order_73041296,deal_63508947
2018-03-19,29,9.74536,2018-03-19,100,,SZ,002465,close,order_36785921,deal_81639524
2018-03-19,30,10.266636,2018-03-19,100,,SH,601766,close,order_27506194,deal_67250981
2018-03-19,31,12.204113999999999,2018-03-19,100,,SH,600061,close,order_38610452,deal_89403167
2018-03-19,32,5.033448,2018-03-19,100,,SH,601992,close,order_14653892,deal_29457630
2018-03-20,0,7.938075,2018-03-20,100,,SZ,000686,close,order_79825306,deal_45928103
2018-03-20,1,2.247075,2018-03-20,100,,SH,600074,close,order_83709265,deal_59142873
2018-03-20,2,21.637494999999998,2018-03-20,100,,SZ,002456,close,order_90436782,deal_54829137
2018-03-20,3,32.50117500000001,2018-03-20,100,,SZ,002602,close,order_31697854,deal_51827934
2018-03-20,4,17.077769999999997,2018-03-20,100,,SH,600999,close,order_60543178,deal_72068935
2018-03-20,5,17.217588,2018-03-20,100,,SH,601688,close,order_39748126,deal_07625931
2018-03-20,6,13.552359000000001,2018-03-20,100,,SH,601198,close,order_23561079,deal_45218793
2018-03-20,7,10.773814999999999,2018-03-20,100,,SZ,002736,close,order_70265483,deal_92130754
2018-03-20,8,7.42884,2018-03-20,100,,SZ,000839,close,order_84013257,deal_35724068
2018-03-20,9,3.3056970000000003,2018-03-20,100,,SH,600219,close,order_18697402,deal_05936847
2018-03-20,10,17.107731,2018-03-20,100,,SH,600977,close,order_48197325,deal_64721038
2018-03-20,11,8.928378,2018-03-20,100,,SH,600089,close,order_73149562,deal_49183570
2018-03-20,12,32.311460000000004,2018-03-20,100,,SZ,300072,close,order_26730485,deal_69275018
2018-03-20,13,27.683964,2018-03-20,100,,SH,600498,close,order_80295461,deal_16082579
2018-03-20,14,8.758599,2018-03-20,100,,SH,600489,close,order_84705236,deal_25967348
2018-03-20,15,19.31099,2018-03-20,100,,SZ,002555,close,order_72980315,deal_23540867
2018-03-20,16,7.360419,2018-03-20,100,,SH,600606,close,order_68792103,deal_86320795
2018-03-20,17,9.076365000000001,2018-03-20,100,,SZ,002608,close,order_23647085,deal_24730598
2018-03-20,18,6.012174,2018-03-20,100,,SH,601212,close,order_72039685,deal_13260548
2018-03-20,19,13.18284,2018-03-20,100,,SH,601878,close,order_10859673,deal_73841509
2018-03-20,20,11.345232000000001,2018-03-20,100,,SH,600827,close,order_75124806,deal_75614930
2018-03-20,21,4.69389,2018-03-20,100,,SH,601333,close,order_10936725,deal_70284156
2018-03-20,22,62.695815,2018-03-20,100,,SZ,002594,close,order_15096238,deal_16274509
2018-03-20,23,31.99194,2018-03-20,100,,SZ,000063,close,order_69403128,deal_37621984
2018-03-20,24,4.454202,2018-03-20,100,,SH,600369,close,order_14958632,deal_15378246
2018-03-20,25,6.531498,2018-03-20,100,,SH,600704,close,order_25793068,deal_25904618
2018-03-20,26,3.9748260000000006,2018-03-20,100,,SH,601872,close,order_50837491,deal_36475920
2018-03-20,27,6.41037,2018-03-20,100,,SZ,300315,close,order_52830491,deal_58367104
2018-03-20,28,8.409054,2018-03-20,100,,SH,600109,close,order_37402819,deal_53821764
2018-03-20,29,5.502837,2018-03-20,100,,SH,601118,close,order_03698514,deal_90684275
2018-03-20,30,15.829395,2018-03-20,100,,SH,600373,close,order_29034786,deal_21843970
2018-03-20,31,63.569065,2018-03-20,100,,SZ,000423,open,order_51790624,deal_68357290
2018-03-20,32,18.156366000000002,2018-03-20,100,,SH,601966,close,order_19607258,deal_82394016
2018-03-20,33,8.299197,2018-03-20,100,,SH,600649,close,order_50918234,deal_41903567
2018-03-20,34,17.686977,2018-03-20,100,,SH,601211,close,order_25914870,deal_71246038
2018-03-20,35,7.460289000000001,2018-03-20,100,,SH,600820,close,order_47569831,deal_18734625
2018-03-20,36,8.427340000000001,2018-03-20,100,,SZ,000069,close,order_57039681,deal_86123504
2018-03-20,37,8.457295000000002,2018-03-20,100,,SZ,002797,close,order_31984572,deal_37840591
2018-03-20,38,4.53319,2018-03-20,100,,SZ,000750,close,order_26384501,deal_10536728
2018-03-20,39,16.41534,2018-03-20,100,,SZ,000776,close,order_30259768,deal_16739405
2018-03-20,40,9.34596,2018-03-20,100,,SZ,000728,close,order_61702895,deal_75629301
2018-03-20,41,8.197685000000002,2018-03-20,100,,SZ,000338,close,order_98402371,deal_57301486
2018-03-20,42,8.439015000000001,2018-03-20,100,,SH,601555,close,order_50317962,deal_96715302
2018-03-20,43,7.29051,2018-03-20,100,,SH,600909,close,order_07289314,deal_76804935
2018-03-21,0,22.62601,2018-03-21,100,,SZ,002174,close,order_57098621,deal_87549063
2018-03-21,1,9.158079,2018-03-21,100,,SH,600674,close,order_86934207,deal_84971230
2018-03-21,2,35.743473,2018-03-21,100,,SH,600588,close,order_54806972,deal_57186093
2018-03-21,3,2.29701,2018-03-21,100,,SH,600871,close,order_40135798,deal_25684709
2018-03-21,4,43.48467500000001,2018-03-21,100,,SZ,002415,close,order_29187354,deal_81650349
2018-03-21,5,12.393867,2018-03-21,100,,SH,600522,close,order_74528631,deal_64750893
2018-03-21,6,7.500237000000001,2018-03-21,100,,SH,600959,close,order_04698375,deal_94820736
2018-03-21,7,54.538070000000005,2018-03-21,100,,SZ,002831,close,order_10637425,deal_23709648
2018-03-21,8,9.062718,2018-03-21,100,,SH,600489,open,order_69437018,deal_27498065
2018-03-21,9,24.617955000000002,2018-03-21,100,,SH,600549,close,order_07486253,deal_37465208
2018-03-21,10,6.4815629999999995,2018-03-21,100,,SH,601375,close,order_43821790,deal_87042165
2018-03-21,11,3.805047,2018-03-21,100,,SH,600170,close,order_31946825,deal_14975823
2018-03-21,12,10.22464,2018-03-21,100,,SZ,002673,close,order_74820391,deal_92360741
2018-03-21,13,25.976187,2018-03-21,100,,SH,600660,close,order_58417903,deal_48952136
2018-03-21,14,26.715225,2018-03-21,100,,SH,600741,close,order_13298056,deal_09814572
2018-03-21,15,49.93498500000001,2018-03-21,100,,SZ,002352,close,order_81304625,deal_02419358
2018-03-21,16,142.56275599999998,2018-03-21,100,,SH,603833,open,order_65192873,deal_60928173
2018-03-21,17,8.087850000000001,2018-03-21,100,,SZ,002065,close,order_27851369,deal_52498376
2018-03-21,18,5.29311,2018-03-21,100,,SH,601018,close,order_75106943,deal_25430891
2018-03-21,19,58.581995000000006,2018-03-21,100,,SZ,002466,close,order_96087531,deal_04821596
2018-03-21,20,19.500704999999996,2018-03-21,100,,SZ,002252,close,order_25043719,deal_39862054
2018-03-21,21,8.107820000000002,2018-03-21,100,,SZ,000413,close,order_78596430,deal_27365084
2018-03-21,22,7.758345,2018-03-21,100,,SZ,002500,close,order_13986752,deal_46795132
2018-03-21,23,4.604007000000001,2018-03-21,100,,SH,601899,close,order_75690132,deal_23489016
2018-03-21,24,8.696935000000002,2018-03-21,100,,SZ,000559,close,order_02853496,deal_68702953
2018-03-21,25,5.722550999999999,2018-03-21,100,,SH,601228,close,order_93582761,deal_52498617
2018-03-21,26,14.647995000000002,2018-03-21,100,,SZ,002241,close,order_81605927,deal_58926370
2018-03-22,0,5.6614949999999995,2018-03-22,100,,SZ,000725,close,order_69432150,deal_19827356
2018-03-22,1,39.141200000000005,2018-03-22,100,,SZ,300136,close,order_73450289,deal_47108532
2018-03-22,2,72.01182,2018-03-22,100,,SZ,000858,close,order_04913685,deal_41079852
2018-03-22,3,2.3306989999999996,2018-03-22,100,,SH,600871,open,order_03195874,deal_13247568
2018-03-22,4,17.686977,2018-03-22,100,,SH,601163,close,order_28901476,deal_58210634
2018-03-22,5,12.403854,2018-03-22,100,,SH,600816,close,order_82903154,deal_19438706
2018-03-22,6,16.47855,2018-03-22,100,,SH,600900,close,order_53146928,deal_59837216
2018-03-22,7,14.254275,2018-03-22,100,,SH,601198,open,order_76249803,deal_52793104
2018-03-22,8,12.923178,2018-03-22,100,,SH,600111,close,order_06294175,deal_37058624
2018-03-22,9,26.889605000000003,2018-03-22,100,,SZ,000895,close,order_41853607,deal_21630795
2018-03-22,10,6.82974,2018-03-22,100,,SZ,000961,close,order_97523640,deal_57309621
2018-03-22,11,3.1259310000000005,2018-03-22,100,,SH,601866,close,order_74180692,deal_43185762
2018-03-22,12,35.643603000000006,2018-03-22,100,,SH,601012,close,order_02517483,deal_02819564
2018-03-22,13,31.249371999999997,2018-03-22,100,,SH,600036,open,order_41578930,deal_85190642
2018-03-22,14,25.86633,2018-03-22,100,,SH,600893,close,order_32750619,deal_35208749
2018-03-22,15,18.7718,2018-03-22,100,,SZ,002310,close,order_67402813,deal_90314268
2018-03-22,16,8.60707,2018-03-22,100,,SZ,002470,close,order_86923017,deal_40987512
2018-03-22,17,18.382385000000003,2018-03-22,100,,SZ,002601,close,order_08647315,deal_15764398
2018-03-22,18,3.0260610000000003,2018-03-22,100,,SH,600795,close,order_86914572,deal_52760148
2018-03-22,19,11.82224,2018-03-22,100,,SZ,000625,close,order_02865473,deal_17859046
2018-03-22,20,18.995274000000002,2018-03-22,100,,SH,600690,close,order_06394172,deal_98473265
2018-03-22,21,16.235609999999998,2018-03-22,100,,SZ,300070,close,order_70615832,deal_62438790
2018-03-22,22,49.81516500000001,2018-03-22,100,,SZ,000651,close,order_54819360,deal_18065329
2018-03-22,23,53.75924,2018-03-22,100,,SZ,002008,close,order_63054829,deal_86309572
2018-03-22,24,3.805047,2018-03-22,100,,SH,601991,close,order_19586047,deal_47129658
2018-03-22,25,12.36143,2018-03-22,100,,SZ,300251,close,order_46827013,deal_98547362
2018-03-22,26,28.13773,2018-03-22,100,,SZ,000826,close,order_09754231,deal_04731892
2018-03-23,0,17.31399,2018-03-23,100,,SZ,300024,close,order_18749630,deal_59284617
2018-03-23,1,9.777273000000001,2018-03-23,100,,SH,600100,close,order_34196572,deal_34168072
2018-03-23,2,33.15684000000001,2018-03-23,100,,SH,601155,close,order_14953268,deal_02647931
2018-03-23,3,2.2071270000000003,2018-03-23,100,,SH,600871,close,order_56083749,deal_97045823
2018-03-23,4,56.854590000000016,2018-03-23,100,,SZ,000568,close,order_91347820,deal_18560279
2018-03-23,5,42.812839999999994,2018-03-23,100,,SZ,002415,open,order_14079638,deal_25349061
2018-03-23,6,3.3256710000000003,2018-03-23,100,,SH,601608,close,order_98350461,deal_82370491
2018-03-23,7,13.202814,2018-03-23,100,,SH,601198,close,order_43016572,deal_76435291
2018-03-23,8,3.474780000000001,2018-03-23,100,,SZ,000100,close,order_87091456,deal_50684237
2018-03-23,9,26.290505000000003,2018-03-23,100,,SZ,002411,close,order_21306574,deal_62975834
2018-03-23,10,23.814225,2018-03-23,100,,SZ,002475,close,order_49275386,deal_58403961
2018-03-23,11,9.016455,2018-03-23,100,,SZ,300027,close,order_26174809,deal_85612430
2018-03-23,12,9.837195000000001,2018-03-23,100,,SH,601933,close,order_62589310,deal_85647309
2018-03-23,13,31.518971999999998,2018-03-23,100,,SH,600585,close,order_36295140,deal_15829634
2018-03-23,14,6.20186,2018-03-23,100,,SH,601212,open,order_95834016,deal_20419786
2018-03-23,15,11.92209,2018-03-23,100,,SZ,000792,close,order_96413028,deal_61703945
2018-03-23,16,46.81966500000001,2018-03-23,100,,SZ,300033,close,order_67849512,deal_35971826
2018-03-23,17,24.877617,2018-03-23,100,,SH,600703,close,order_56149307,deal_34980156
2018-03-23,18,133.246554,2018-03-23,100,,SH,603833,close,order_34952178,deal_14593278
2018-03-23,19,6.641355,2018-03-23,100,,SH,601958,close,order_40657928,deal_63057198
2018-03-23,20,17.667002999999998,2018-03-23,100,,SH,600030,close,order_38015974,deal_12930875
2018-03-26,0,5.902317,2018-03-26,100,,SH,601919,close,order_17098536,deal_13975820
2018-03-26,1,11.64251,2018-03-26,100,,SZ,002292,close,order_81907632,deal_51802493
2018-03-26,2,73.49958500000001,2018-03-26,100,,SZ,002460,close,order_54132709,deal_27014856
2018-03-26,3,5.462889000000001,2018-03-26,100,,SH,600023,close,order_72961850,deal_50873216
2018-03-26,4,19.65048,2018-03-26,100,,SZ,300144,close,order_20751839,deal_03891624
2018-03-26,5,57.00436500000001,2018-03-26,100,,SZ,002230,close,order_15329470,deal_20148397
2018-03-26,6,5.303097,2018-03-26,100,,SH,600705,close,order_79034261,deal_98143267
2018-03-26,7,24.173684999999995,2018-03-26,100,,SZ,002468,close,order_35607421,deal_01792568
2018-03-26,8,122.17097100000001,2018-03-26,100,,SH,603799,close,order_02346179,deal_07942651
2018-03-26,9,15.506705000000002,2018-03-26,100,,SZ,000738,close,order_84396270,deal_56287490
2018-03-26,10,20.663103,2018-03-26,100,,SH,600271,close,order_78069314,deal_57498023
2018-03-26,11,12.80077,2018-03-26,100,,SZ,300017,close,order_82514730,deal_38165029
2018-03-26,12,85.07925300000001,2018-03-26,100,,SH,603160,close,order_54270831,deal_03718256
2018-03-26,13,36.83205600000001,2018-03-26,100,,SH,601601,close,order_51847930,deal_89620573
2018-03-26,14,34.03569600000001,2018-03-26,100,,SH,600104,close,order_10973285,deal_17693280
2018-03-26,15,55.17711000000001,2018-03-26,100,,SZ,000333,close,order_36715042,deal_47302895
2018-03-26,16,712.5524760000001,2018-03-26,100,,SH,600519,close,order_40926871,deal_87341259
2018-03-26,17,6.930978,2018-03-26,100,,SH,600886,close,order_96301428,deal_08571936
2018-03-26,18,20.878635,2018-03-26,100,,SZ,002074,close,order_79831264,deal_85749031
2018-03-26,19,19.205000999999996,2018-03-26,100,,SH,600663,close,order_05637128,deal_70264981
2018-03-26,20,63.614435,2018-03-26,100,,SZ,000938,close,order_98453026,deal_70289164
2018-03-26,21,15.689577000000002,2018-03-26,100,,SH,600233,close,order_67043981,deal_71569802
2018-03-27,0,16.238861999999997,2018-03-27,100,,SH,600637,close,order_29685704,deal_93162458
2018-03-27,1,7.500237000000001,2018-03-27,100,,SH,600297,close,order_65790483,deal_34150789
2018-03-27,2,51.223323,2018-03-27,100,,SH,603858,close,order_63752941,deal_26143087
2018-03-27,3,7.778315,2018-03-27,100,,SZ,000627,close,order_68420793,deal_78146023
2018-03-27,4,8.858469000000001,2018-03-27,100,,SH,603993,close,order_21659078,deal_32678590
2018-03-27,5,28.672676999999993,2018-03-27,100,,SH,600036,close,order_60273481,deal_25743869
2018-03-28,0,26.097827,2018-03-28,100,,SZ,002411,open,order_91283605,deal_93750416
2018-03-28,1,22.786834,2018-03-28,100,,SH,600271,open,order_01469832,deal_10375482
2018-03-28,2,5.922291000000001,2018-03-28,100,,SH,601727,close,order_07425361,deal_35470186
2018-03-28,3,27.808339999999998,2018-03-28,100,,SH,600893,open,order_65810794,deal_12094836
2018-03-28,4,65.30499300000001,2018-03-28,100,,SH,601318,close,order_93046527,deal_08649312
2018-03-28,5,13.132905000000001,2018-03-28,100,,SH,600895,close,order_14687392,deal_49701582
2018-03-28,6,18.135439,2018-03-28,100,,SH,600739,open,order_31674582,deal_30549162
2018-03-28,7,60.499115,2018-03-28,100,,SZ,000423,close,order_65719302,deal_32184095
2018-03-28,8,40.23955000000001,2018-03-28,100,,SZ,000503,close,order_09534618,deal_14570296
2018-03-28,9,5.422941000000002,2018-03-28,100,,SH,601718,close,order_47219085,deal_15206498
2018-03-29,0,53.63019,2018-03-29,100,,SH,601888,close,order_82547196,deal_35796208
2018-03-29,1,10.413123,2018-03-29,100,,SH,601881,open,order_63287104,deal_65819342
2018-03-29,2,41.427765,2018-03-29,100,,SZ,002415,close,order_36947582,deal_31269547
2018-03-29,3,6.801146999999999,2018-03-29,100,,SH,600011,close,order_17946023,deal_47059638
2018-03-29,4,26.317892999999998,2018-03-29,100,,SH,600549,open,order_92057634,deal_13780594
2018-03-29,5,47.578068,2018-03-29,100,,SH,600009,close,order_35841290,deal_89214305
2018-03-29,6,5.353032000000001,2018-03-29,100,,SH,600415,close,order_46587932,deal_62841753
2018-03-29,7,33.539615000000005,2018-03-29,100,,SZ,300124,close,order_87236149,deal_01364895
2018-03-29,8,17.835349,2018-03-29,100,,SZ,300070,open,order_92318457,deal_78031465
2018-03-30,0,20.90627,2018-03-30,100,,SZ,300024,open,order_25314906,deal_19782054
2018-03-30,1,77.41321699999999,2018-03-30,100,,SZ,002460,open,order_61380952,deal_60823957
2018-03-30,2,20.90627,2018-03-30,100,,SZ,300144,open,order_60157384,deal_78521046
2018-03-30,3,14.964488,2018-03-30,100,,SZ,300017,open,order_01327689,deal_13290648
2018-03-30,4,20.736219000000002,2018-03-30,100,,SZ,002310,open,order_76051938,deal_06827395
2018-03-30,5,6.942082,2018-03-30,100,,SZ,300315,open,order_62194780,deal_96150872
2018-03-30,6,22.026606,2018-03-30,100,,SZ,002074,open,order_52913674,deal_97652308
2018-03-30,7,6.231869,2018-03-30,100,,SH,601118,open,order_96871532,deal_87210549
2018-03-30,8,33.500046999999995,2018-03-30,100,,SZ,002624,open,order_13427068,deal_87506132
2018-03-30,9,72.88185800000001,2018-03-30,100,,SZ,000938,open,order_91350687,deal_16920357
2018-03-30,10,35.380610999999995,2018-03-30,100,,SZ,300124,open,order_58470692,deal_42397105
2018-03-30,11,16.77816,2018-03-30,100,,SH,600406,close,order_14702859,deal_80524931
2018-03-30,12,10.563168000000001,2018-03-30,100,,SZ,002465,open,order_64083719,deal_61032798
2018-03-30,13,18.082835,2018-03-30,100,,SZ,002202,close,order_36904271,deal_59714620
2018-03-30,14,12.733818999999999,2018-03-30,100,,SH,600061,open,order_97253846,deal_02365418
2018-04-02,0,25.657695,2018-04-02,100,,SH,600482,open,order_79608542,deal_32618759
2018-04-02,1,37.761325,2018-04-02,100,,SH,600588,open,order_80947523,deal_39702615
2018-04-02,2,10.983293999999999,2018-04-02,100,,SH,600100,open,order_21807493,deal_45128396
2018-04-02,3,14.224266,2018-04-02,100,,SH,601198,open,order_95478103,deal_95782361
2018-04-02,4,60.75822199999999,2018-04-02,100,,SZ,002230,open,order_12430569,deal_61387502
2018-04-02,5,6.4116539999999995,2018-04-02,100,,SH,600028,close,order_86907512,deal_78054639
2018-04-02,6,25.651465,2018-04-02,100,,SZ,002411,close,order_13209687,deal_51926470
2018-04-02,7,5.89233,2018-04-02,100,,SH,600688,close,order_65830241,deal_01258347
2018-04-02,8,7.10213,2018-04-02,100,,SZ,000961,open,order_68417952,deal_02675984
2018-04-02,9,44.292345000000005,2018-04-02,100,,SH,600196,close,order_40237189,deal_05628314
2018-04-02,10,95.878755,2018-04-02,100,,SH,603160,open,order_86705342,deal_38961475
2018-04-02,11,95.59639000000001,2018-04-02,100,,SZ,000538,close,order_74390862,deal_13790826
2018-04-02,12,53.175948,2018-04-02,100,,SZ,300033,open,order_72380419,deal_63751809
2018-04-02,13,33.51005,2018-04-02,100,,SZ,000002,open,order_59368127,deal_32105846
2018-04-02,14,43.423023,2018-04-02,100,,SZ,000503,open,order_17690483,deal_79384562
2018-04-03,0,35.673564,2018-04-03,100,,SH,600588,close,order_51684290,deal_72349851
2018-04-03,1,71.782165,2018-04-03,100,,SZ,002460,close,order_52380496,deal_81657932
2018-04-03,2,34.03020599999999,2018-04-03,100,,SZ,002602,open,order_42657938,deal_75632148
2018-04-03,3,17.485244,2018-04-03,100,,SH,600999,open,order_08591362,deal_20973841
2018-04-03,4,4.404267000000001,2018-04-03,100,,SH,600208,close,order_31295860,deal_45927816
2018-04-03,5,29.028706000000003,2018-04-03,100,,SH,600498,open,order_18639057,deal_73640952
2018-04-03,6,16.514953000000002,2018-04-03,100,,SZ,000738,open,order_60275819,deal_84276915
2018-04-03,7,14.424325999999999,2018-04-03,100,,SZ,000792,open,order_27951486,deal_20845761
2018-04-03,8,9.142742,2018-04-03,100,,SZ,002470,open,order_83176502,deal_29461805
2018-04-03,9,9.152745,2018-04-03,100,,SH,600109,open,order_45619273,deal_12695043
2018-04-03,10,19.225766,2018-04-03,100,,SH,600030,open,order_39610452,deal_32876495
2018-04-03,11,8.042411999999999,2018-04-03,100,,SZ,002500,open,order_76253480,deal_63472980
2018-04-03,12,8.572571,2018-04-03,100,,SZ,000338,open,order_24195076,deal_87105329
2018-04-04,0,17.355205,2018-04-04,100,,SH,600637,open,order_23548109,deal_08571642
2018-04-04,1,17.575271,2018-04-04,100,,SH,601688,open,order_16923850,deal_84709562
2018-04-04,2,56.984395000000006,2018-04-04,100,,SZ,002230,close,order_39872140,deal_68934052
2018-04-04,3,9.427728,2018-04-04,100,,SH,601611,close,order_06491253,deal_10739264
2018-04-04,4,22.390854,2018-04-04,100,,SH,600518,close,order_26894035,deal_47862309
2018-04-04,5,26.287884,2018-04-04,100,,SZ,002153,open,order_30864712,deal_20341869
2018-04-04,6,81.084453,2018-04-04,100,,SH,600436,close,order_83672519,deal_65831942
2018-04-04,7,38.831665,2018-04-04,100,,SZ,300015,close,order_97182506,deal_14285769
2018-04-04,8,13.714113,2018-04-04,100,,SH,600895,open,order_57143692,deal_18570294
2018-04-04,9,61.84854899999999,2018-04-04,100,,SZ,000423,open,order_98631405,deal_62954018
2018-04-09,0,4.953552,2018-04-09,100,,SH,600008,close,order_80549231,deal_03781524
2018-04-09,1,61.368405,2018-04-09,100,,SZ,000568,open,order_62074538,deal_56204783
2018-04-09,2,33.630086,2018-04-09,100,,SH,600585,open,order_51732489,deal_25816307
2018-04-09,3,44.23326599999999,2018-04-09,100,,SH,600196,open,order_14360529,deal_25837614
2018-04-09,4,5.631689,2018-04-09,100,,SH,601989,open,order_18463709,deal_83459071
2018-04-09,5,20.70889,2018-04-09,100,,SZ,002074,close,order_84126507,deal_60842573
2018-04-09,6,29.138739000000005,2018-04-09,100,,SZ,000826,open,order_62310749,deal_69501473
2018-04-10,0,7.3021899999999995,2018-04-10,100,,SH,600018,open,order_54629301,deal_53681294
2018-04-10,1,8.352505,2018-04-10,100,,SH,600031,open,order_21503498,deal_84160753
2018-04-10,2,10.963288,2018-04-10,100,,SZ,002736,open,order_35041692,deal_40937258
2018-04-10,3,47.024103,2018-04-10,100,,SZ,002714,open,order_97084362,deal_26358097
2018-04-10,4,6.80204,2018-04-10,100,,SH,601377,open,order_20841567,deal_29751436
2018-04-10,5,7.400367,2018-04-10,100,,SH,601117,close,order_97018243,deal_97018342
2018-04-10,6,20.896266999999998,2018-04-10,100,,SZ,000623,open,order_93861045,deal_67820351
2018-04-10,7,85.065512,2018-04-10,100,,SH,600436,open,order_81452907,deal_28174953
2018-04-10,8,6.05091,2018-04-10,100,,SZ,300315,close,order_40613579,deal_93281465
2018-04-10,9,14.251449000000001,2018-04-10,100,,SH,600804,close,order_18924356,deal_94065827
2018-04-10,10,13.374011000000001,2018-04-10,100,,SH,601800,open,order_07312968,deal_81734569
2018-04-10,11,31.922045000000004,2018-04-10,100,,SZ,300124,close,order_03927185,deal_85294731
2018-04-10,12,16.654995,2018-04-10,100,,SZ,000776,open,order_94306871,deal_46975230
2018-04-10,13,12.214101000000001,2018-04-10,100,,SH,600061,close,order_68107432,deal_82670451
2018-04-11,0,7.982393999999999,2018-04-11,100,,SZ,000686,open,order_40739256,deal_18260754
2018-04-11,1,13.193957000000001,2018-04-11,100,,SZ,002292,open,order_05279836,deal_29687145
2018-04-11,2,37.64128899999999,2018-04-11,100,,SH,601155,open,order_09853416,deal_76291834
2018-04-11,3,22.496747,2018-04-11,100,,SZ,001979,open,order_68320197,deal_45208761
2018-04-11,4,13.464038,2018-04-11,100,,SZ,002081,open,order_54783069,deal_27081453
2018-04-11,5,13.644092,2018-04-11,100,,SH,600111,open,order_01965832,deal_06741238
2018-04-11,6,6.90207,2018-04-11,100,,SH,600028,open,order_61405827,deal_09643285
2018-04-11,7,9.032708999999999,2018-04-11,100,,SH,600177,open,order_56218497,deal_42713596
2018-04-11,8,22.446731999999997,2018-04-11,100,,SH,600518,open,order_61058297,deal_70392451
2018-04-11,9,7.552265,2018-04-11,100,,SH,601117,open,order_20149856,deal_38960547
2018-04-11,10,14.554365,2018-04-11,100,,SH,600048,open,order_39501682,deal_60754982
2018-04-11,11,84.93943499999999,2018-04-11,100,,SH,600276,close,order_50736189,deal_60235419
2018-04-11,12,50.05480500000001,2018-04-11,100,,SZ,300033,close,order_37619485,deal_64780523
2018-04-11,13,42.392714,2018-04-11,100,,SZ,300015,open,order_41608972,deal_70862953
2018-04-11,14,14.964488,2018-04-11,100,,SH,601997,open,order_76985043,deal_30481956
2018-04-11,15,5.731718999999999,2018-04-11,100,,SH,601228,open,order_16279450,deal_63078245
2018-04-12,0,11.533459,2018-04-12,100,,SZ,000001,open,order_13407925,deal_57604329
2018-04-12,1,8.482543999999999,2018-04-12,100,,SH,601009,open,order_10264385,deal_84721069
2018-04-12,2,27.234549,2018-04-12,100,,SH,600498,close,order_89502763,deal_58432719
2018-04-12,3,42.874191,2018-04-12,100,,SH,600196,close,order_42560971,deal_13862945
2018-04-12,4,109.752916,2018-04-12,100,,SZ,002304,open,order_38295470,deal_93861057
2018-04-12,5,12.50375,2018-04-12,100,,SH,601788,open,order_32789541,deal_94786035
2018-04-12,6,8.152445,2018-04-12,100,,SZ,000671,open,order_80723965,deal_60724581
2018-04-12,7,19.01144,2018-04-12,100,,SZ,002310,close,order_06913825,deal_98375260
2018-04-12,8,7.50225,2018-04-12,100,,SH,601390,open,order_47853269,deal_46182307
2018-04-12,9,17.485244,2018-04-12,100,,SH,601211,open,order_79548612,deal_10397264
2018-04-12,10,10.493146999999999,2018-04-12,100,,SZ,002146,open,order_35796148,deal_19028473
2018-04-13,0,32.719813,2018-04-13,100,,SH,601021,open,order_71968430,deal_82094571
2018-04-13,1,5.471641,2018-04-13,100,,SH,600705,open,order_34260895,deal_85412670
2018-04-13,2,26.067818,2018-04-13,100,,SZ,002411,open,order_41206583,deal_10647258
2018-04-13,3,13.784134,2018-04-13,100,,SH,600188,open,order_97840631,deal_29736514
2018-04-13,4,13.529675,2018-04-13,100,,SZ,002024,close,order_08769125,deal_54129806
2018-04-13,5,21.9714,2018-04-13,100,,SH,600518,close,order_23581946,deal_63805479
2018-04-13,6,11.553465,2018-04-13,100,,SH,600837,open,order_57819423,deal_48031965
2018-04-13,7,6.211862999999999,2018-04-13,100,,SZ,000898,open,order_36509721,deal_47902361
2018-04-13,8,31.219362999999998,2018-04-13,100,,SZ,000063,open,order_73168952,deal_05697814
2018-04-13,9,11.333399,2018-04-13,100,,SH,600926,open,order_97432165,deal_10749526
2018-04-13,10,29.558865,2018-04-13,100,,SH,600036,open,order_29146830,deal_08947612
2018-04-13,11,9.972991,2018-04-13,100,,SH,601186,open,order_16042578,deal_52389764
2018-04-13,12,7.152144999999999,2018-04-13,100,,SH,600886,open,order_79182045,deal_08256194
2018-04-13,13,31.193140000000003,2018-04-13,100,,SZ,000002,close,order_79560321,deal_14958307
2018-04-13,14,17.285184,2018-04-13,100,,SH,600406,open,order_81573402,deal_89462315
2018-04-13,15,9.462837999999998,2018-04-13,100,,SZ,000060,open,order_59726013,deal_63850492
2018-04-13,16,41.49766,2018-04-13,100,,SZ,002294,close,order_37410628,deal_16084925
2018-04-13,17,8.192457,2018-04-13,100,,SH,601555,open,order_06549183,deal_54698327
2018-04-16,0,8.199327000000002,2018-04-16,100,,SH,600021,close,order_90512483,deal_30865142
2018-04-16,1,10.163048,2018-04-16,100,,SH,600390,open,order_78361245,deal_87156930
2018-04-16,2,8.512552999999999,2018-04-16,100,,SH,600019,open,order_47825190,deal_78105362
2018-04-16,3,21.126336000000002,2018-04-16,100,,SZ,002456,open,order_59620371,deal_54807163
2018-04-16,4,3.981194,2018-04-16,100,,SZ,000425,open,order_02749613,deal_19860354
2018-04-16,5,19.880135,2018-04-16,100,,SZ,300144,close,order_36578102,deal_49526317
2018-04-16,6,11.70351,2018-04-16,100,,SH,601111,open,order_56143078,deal_96407581
2018-04-16,7,6.281883999999999,2018-04-16,100,,SH,600583,open,order_42068351,deal_59863741
2018-04-16,8,11.205414000000001,2018-04-16,100,,SH,600837,close,order_48753291,deal_13578429
2018-04-16,9,13.349945,2018-04-16,100,,SZ,002424,close,order_79213650,deal_90216458
2018-04-16,10,13.092957000000002,2018-04-16,100,,SH,600895,close,order_52601947,deal_36290187
2018-04-16,11,17.637042,2018-04-16,100,,SH,600739,close,order_90132675,deal_84576201
2018-04-16,12,55.226563,2018-04-16,100,,SZ,002008,open,order_36501748,deal_76135849
2018-04-16,13,15.786285,2018-04-16,100,,SZ,000776,close,order_18234905,deal_18542709
2018-04-16,14,7.9796130000000005,2018-04-16,100,,SH,601555,close,order_12539087,deal_90834762
2018-04-16,15,28.083443999999997,2018-04-16,100,,SH,600332,close,order_20456831,deal_26453810
2018-04-17,0,7.658495,2018-04-17,100,,SZ,000686,close,order_92167830,deal_81726403
2018-04-17,1,9.947052000000001,2018-04-17,100,,SH,600390,close,order_03192584,deal_63750241
2018-04-17,2,8.429028,2018-04-17,100,,SH,600019,close,order_58963402,deal_97560142
2018-04-17,3,16.468563,2018-04-17,100,,SH,600999,close,order_70932586,deal_15067893
2018-04-17,4,22.940139,2018-04-17,100,,SH,601607,close,order_23074516,deal_82547609
2018-04-17,5,23.897167,2018-04-17,100,,SZ,002468,open,order_94703851,deal_17845230
2018-04-17,6,15.796270000000002,2018-04-17,100,,SZ,000738,close,order_27140568,deal_07139264
2018-04-17,7,6.451602,2018-04-17,100,,SH,601377,close,order_04675892,deal_58192634
2018-04-17,8,20.059865000000002,2018-04-17,100,,SZ,000623,close,order_39478251,deal_79534826
2018-04-17,9,88.80440399999999,2018-04-17,100,,SH,603160,close,order_93085412,deal_18352706
2018-04-17,10,8.702609999999998,2018-04-17,100,,SH,600376,open,order_83267049,deal_72395186
2018-04-17,11,7.722315999999999,2018-04-17,100,,SZ,000627,open,order_39856210,deal_03491278
2018-04-17,12,12.164166,2018-04-17,100,,SH,601788,close,order_56027938,deal_73809251
2018-04-17,13,11.065596000000001,2018-04-17,100,,SH,600926,close,order_69731854,deal_95043261
2018-04-17,14,12.52119,2018-04-17,100,,SZ,000792,close,order_86945317,deal_49051782
2018-04-17,15,27.644016,2018-04-17,100,,SH,600036,close,order_18049635,deal_90467358
2018-04-17,16,25.531644999999997,2018-04-17,100,,SZ,002044,close,order_68451093,deal_72843510
2018-04-17,17,8.072420999999999,2018-04-17,100,,SZ,002065,open,order_68925731,deal_61749203
2018-04-17,18,59.79018,2018-04-17,100,,SZ,000423,close,order_59871264,deal_12307865
2018-04-17,19,16.99447,2018-04-17,100,,SZ,300070,close,order_78653204,deal_17659084
2018-04-17,20,51.013365,2018-04-17,100,,SZ,002008,close,order_61472503,deal_82065473
2018-04-17,21,9.276065000000003,2018-04-17,100,,SZ,000060,close,order_05283967,deal_38954107
2018-04-18,0,6.871055999999999,2018-04-18,100,,SH,600018,close,order_82345701,deal_41527093
2018-04-18,1,37.731316,2018-04-18,100,,SH,600588,open,order_08417253,deal_80326475
2018-04-18,2,32.787321000000006,2018-04-18,100,,SH,601155,close,order_47253068,deal_87405369
2018-04-18,3,3.581073999999999,2018-04-18,100,,SH,601608,open,order_52769810,deal_40321658
2018-04-18,4,10.644010000000002,2018-04-18,100,,SZ,002736,close,order_61983745,deal_95417308
2018-04-18,5,7.969626000000001,2018-04-18,100,,SH,601009,close,order_51980672,deal_46502179
2018-04-18,6,11.465076000000002,2018-04-18,100,,SH,601111,close,order_08395726,deal_84310962
2018-04-18,7,23.954015,2018-04-18,100,,SZ,002468,close,order_97681524,deal_36148970
2018-04-18,8,13.192827,2018-04-18,100,,SH,600188,close,order_57641290,deal_28163450
2018-04-18,9,22.860242999999997,2018-04-18,100,,SH,600549,close,order_21540683,deal_83542671
2018-04-18,10,107.65827000000002,2018-04-18,100,,SZ,002304,close,order_65381407,deal_76104938
2018-04-18,11,95.21855700000002,2018-04-18,100,,SH,603160,open,order_94612530,deal_12604853
2018-04-18,12,5.922291000000001,2018-04-18,100,,SH,601212,close,order_80415697,deal_43697581
2018-04-18,13,14.278550000000001,2018-04-18,100,,SZ,300059,close,order_37012456,deal_42679103
2018-04-18,14,7.3889,2018-04-18,100,,SZ,000671,close,order_97201385,deal_38294650
2018-04-18,15,6.871055999999999,2018-04-18,100,,SH,600886,close,order_85374916,deal_35872064
2018-04-18,16,7.370406,2018-04-18,100,,SH,601390,close,order_76235419,deal_16420975
2018-04-18,17,14.341332,2018-04-18,100,,SH,601997,close,order_23901468,deal_52614803
2018-04-19,0,9.132738999999999,2018-04-19,100,,SH,600019,open,order_08726139,deal_91065283
2018-04-19,1,3.3910169999999993,2018-04-19,100,,SH,600219,open,order_07469125,deal_73208964
2018-04-19,2,5.353032000000001,2018-04-19,100,,SH,600705,close,order_21485693,deal_65013987
2018-04-19,3,16.805039999999998,2018-04-19,100,,SZ,000738,open,order_32164089,deal_35702681
2018-04-19,4,13.954185,2018-04-19,100,,SH,600188,open,order_16354927,deal_89105463
2018-04-19,5,32.767347,2018-04-19,100,,SH,600585,close,order_62890173,deal_85174693
2018-04-19,6,13.412541000000001,2018-04-19,100,,SH,600048,close,order_36807425,deal_27093458
2018-04-19,7,109.72290700000002,2018-04-19,100,,SZ,002304,open,order_15326478,deal_43679580
2018-04-19,8,32.301475,2018-04-19,100,,SZ,300003,close,order_39571680,deal_46732085
2018-04-19,9,18.9753,2018-04-19,100,,SH,600030,close,order_37205481,deal_57084263
2018-04-19,10,43.872891,2018-04-19,100,,SH,600535,close,order_81723054,deal_20159867
2018-04-19,11,9.702909999999997,2018-04-19,100,,SZ,000060,open,order_48532617,deal_79016582
2018-04-20,0,18.87165,2018-04-20,100,,SZ,002456,close,order_24709315,deal_81702463
2018-04-20,1,9.977013000000001,2018-04-20,100,,SH,601881,close,order_70641328,deal_90732485
2018-04-20,2,5.441631999999999,2018-04-20,100,,SZ,000723,open,order_36475812,deal_53692140
2018-04-20,3,6.82974,2018-04-20,100,,SZ,000961,close,order_39082461,deal_62078351
2018-04-20,4,4.514124000000001,2018-04-20,100,,SH,601216,close,order_03517682,deal_26378054
2018-04-20,5,7.50872,2018-04-20,100,,SZ,000627,close,order_90876312,deal_05689137
2018-04-20,6,9.577533,2018-04-20,100,,SH,601186,close,order_21786543,deal_79462513
2018-04-20,7,26.627986,2018-04-20,100,,SZ,002044,open,order_63980412,deal_64903182
2018-04-20,8,5.141541999999999,2018-04-20,100,,SH,601600,open,order_94086521,deal_20891374
